3192 4906
274 288 339 354 140
767 287 858 357 capua
876 288 923 342 ur.

272 475 396 537 nempe
432 454 547 518 libros
583 455 705 516 decem
749 462 874 517 contra
910 452 1067 534 Iuliano,
1110 449 1133 514 b
1170 461 1232 514 tres
1266 454 1303 515 de
1339 463 1421 516 recta

271 560 362 626 fide.''
398 563 460 624 lam
483 581 553 623 vero
573 581 632 642 quo
656 581 733 623 anno
752 562 864 642 Capnio
888 569 993 623 nactus
1016 563 1055 622 sit
1078 559 1224 621 librorum
1247 570 1351 623 contra
1373 562 1419 624 lu·

271 671 381 732 lianum
409 670 543 731 codicem
569 671 756 752 ignoramus,
788 687 878 747 quem
905 667 1066 730 verisimile
1092 676 1140 728 est
1166 675 1252 728 antea
1279 669 1311 727 in
1339 668 1421 730 ltalia

271 779 372 839 fuisse.
413 776 507 838 Maius
535 778 616 836 enim
648 768 723 859 (vita
751 775 791 836 lo.
823 774 979 836 Reuchlini
1006 773 1194 835 Phorcensis.
1232 773 1421 837 Francoiurti

273 882 366 946 1681.
385 904 417 964 p.
437 878 516 966 524)
541 878 615 963 ‘ipse
635 878 766 963 quoque'
787 876 843 966 (sc.
863 874 999 965 Gapnio),
1021 883 1128 962 inquit,
1152 875 1232 942 ‘eum
1254 883 1286 941 in
1305 880 1418 943 ltaliam

270 995 328 1051 iter
342 991 462 1072 faceret,
481 990 706 1068 diligentissime
720 988 814 1050 libros
829 989 960 1068 undique
976 983 1175 1068 conquisivit'.
1207 987 1421 1050 bibliothecam

265 1107 369 1159 autem
392 1115 475 1160 suam
502 1092 747 1158 ‘Plorzbeimensi
766 1096 890 1176 collegio
910 1114 966 1176 per
983 1104 1195 1158 testamentum
1210 1114 1280 1156 eum
1293 1091 1420 1175 legasse'

269 1204 349 1265 idem
367 1203 461 1264 Maius
483 1202 606 1264 tradidit
628 1202 650 1263 l.
668 1202 686 1264 1
706 1221 734 1282 p.
754 1199 828 1264 523.
865 1201 961 1273 Quam
986 1221 1010 1263 a.
1032 1198 1118 1264 1565
1143 1200 1325 1263 Piorzhcmii
1347 1201 1422 1266 vidit

269 1311 418 1371 Henricus
440 1309 594 1391 Pantale03
621 1310 658 1370 ol.
686 1308 752 1371 blai.
775 1328 804 1388 p.
828 1305 902 1370 524.
942 1308 999 1369 Sed
1029 1304 1114 1388 ‘pars
1141 1310 1207 1370 eius
1235 1311 1362 1370 maxima
1389 1311 1421 1371 iu

271 1418 391 1478 lunesto
419 1415 497 1477 bello
524 1415 701 1476 Germanico
722 1408 765 1497 (i.
789 1433 814 1476 e.
842 1414 919 1476 bello
944 1412 987 1477 30
1009 1408 1172 1499 annorum)
1200 1434 1217 1475 a
1242 1414 1420 1495 Gapuccinis

271 1523 511 1584 Weilerstadium
539 1522 585 1584 vel
611 1531 645 1584 ut
670 1520 721 1582 alii
749 1523 920 1584 existimant
946 1521 1098 1584 Coloniam
1129 1520 1225 1583 delata
1257 1521 1360 1601 ibique
1389 1526 1420 1584 in

271 1631 487 1710 expugnatione
515 1629 640 1690 ilammis
671 1638 847 1709 consumpta
878 1625 955 1710 est'3
982 1628 1048 1689 Mai.
1076 1648 1104 1709 p.
1128 1624 1202 1691 528.
1242 1629 1419 1691 Accuratius

271 1746 404 1815 tempora
432 1735 570 1797 discribit
593 1735 622 1795 S.
645 1736 677 1797 F.
702 1735 829 1817 Gabres,
852 1734 954 1796 Weil's
981 1735 1035 1796 der
1059 1734 1145 1797 Stadt
1167 1734 1264 1796 kleine
1288 1735 1419 1797 Chrouik

269 1837 441 1926 (stuttgart.
464 1835 565 1926 1808)
589 1861 617 1922 p.
638 1839 701 1904 119
717 1860 781 1921 sqq.
817 1842 919 1903 Mense
943 1844 1023 1903 enim
1043 1841 1123 1922 Sept.
1142 1861 1167 1903 a.
1190 1839 1276 1904 1640
1295 1841 1418 1904 Weiler·

270 1949 357 2010 stadii
379 1951 438 2010 iam
462 1961 547 2010 erant
568 1948 728 2029 Capuccini
746 1947 942 2029 Phorcenses‚
966 1947 1075 2028 quibus
1094 1967 1130 2008 eo
1154 1966 1186 2009 se
1210 1950 1348 2011 conferre
1372 1951 1418 2012 die

271 2054 325 2118 21.
346 2055 414 2117 llaii
437 2055 570 2117 eiusdem
590 2057 659 2116 anui
682 2045 859 2135 permiserat
876 2057 1034 2135 episcopus
1053 2055 1212 2134 SpirensIs.
1243 2055 1298 2117 Die
1321 2067 1419 2120 autem

271 2160 322 2225 20.
336 2161 456 2226 Octobr.
477 2181 501 2224 a.
519 2159 603 2225 1648
628 2161 868 2223 Weilerstadium
882 2161 1066 2250 Francogalli
1081 2161 1209 2223 flammis
1223 2163 1418 2227 tradiderunt.

270 2270 330 2330 lam
353 2289 424 2331 vero
447 2268 562 2331 Gehres
591 2263 790 2350 (Piorzbeims
813 2269 911 2330 kleine
936 2268 1075 2329 Chronib.
1107 2268 1307 2351 Memmingeu
1334 2269 1418 2335 1792

270 2397 298 2458 p.
313 2372 369 2460 83)
390 2385 494 2438 auctor
513 2385 560 2438 est
578 2395 643 2438 eam
661 2375 807 2438 librorum
825 2376 984 2457 Capnionis
1002 2383 1127 2457 partem,
1150 2394 1225 2456 quae
1245 2396 1281 2438 ex
1300 2379 1418 2458 ignibus

271 2493 384 2545 servata
413 2494 505 2566 esset,
535 2485 696 2546 llurlacum
724 2485 849 2546 delatam
878 2503 943 2546 esse
971 2493 1002 2546 ct
1032 2493 1136 2563 postea
1163 2486 1194 2545 in
1222 2484 1342 2568 urbem,
1370 2489 1417 2549 cui

270 2607 378 2651 nomen
402 2599 449 2651 est
471 2588 621 2652 Carlsrub.
664 2590 721 2651 Ubi
744 2609 824 2651 mmc
847 2608 908 2651 non
932 2598 1049 2651 exstare
1076 2590 1223 2652 librorum
1245 2602 1349 2655 contra
1372 2594 1417 2655 lu·

269 2697 381 2758 lianum
404 2696 537 2758 codicem
561 2715 609 2758 me
631 2696 733 2759 docuit
751 2695 915 2759 Guilelmus
932 2695 1106 2759 Brambacb
1144 2697 1247 2778 Neque
1266 2698 1417 2764 Coloniam

269 2822 338 2865 eum
362 2803 491 2866 delatum
515 2822 581 2865 esse
604 2803 786 2884 intellegitur
810 2823 846 2865 ex
870 2804 1002 2885 catalogo
1025 2805 1162 2866 codicum
1181 2823 1251 2867 mss.
1274 2807 1416 2869 ecclesiae

269 2910 513 2992 metropolitanae
538 2910 731 2993 Coloniensis,
755 2929 845 2991 quem
869 2913 1056 2991 scripserunt
1074 2911 1147 2972 daile
1172 2919 1202 2972 et
1223 2911 1416 2977 Wattenbacb

270 3026 301 3080 et
319 3018 477 3080 ediderunt
494 3017 626 3080 Berolini
645 3037 669 3080 a.
686 3016 780 3081 1874.
817 3019 920 3100 Neque
939 3018 1070 3080 Basileae
1090 3037 1187 3098 neque
1204 3019 1417 3103 Heidelbergae

270 3144 338 3187 eum
361 3128 489 3187 inveniri
508 3129 668 3188 certiorem
687 3144 733 3187 me
757 3127 895 3188 lecerunt
912 3125 945 3189 L.
964 3124 1070 3187 Sieber
1088 3134 1119 3187 et
1137 3124 1169 3187 C.
1189 3125 1417 3206 Zangemeister.

270 3233 352 3305 Quae
380 3251 448 3294 oum
476 3235 517 3293 ita
544 3235 618 3315 sint,
650 3234 722 3313 quin
750 3250 774 3293 a.
801 3229 885 3295 1648
914 3233 1077 3313 deperierit
1103 3233 1198 3294 codex
1221 3233 1418 3318 Capnioneus‚

268 3339 400 3402 dubitari
423 3341 471 3400 rix
494 3343 613 3420 poterit.
652 3338 717 3411 Quo
737 3341 880 3401 maiorem
898 3341 1023 3420 gratiam
1046 3339 1207 3401 habeamus
1226 3359 1350 3404 necesse
1373 3353 1419 3404 est

269 3447 372 3509 loanni
390 3446 626 3529 oecolampadio,
645 3449 698 3526 qui
715 3447 848 3508 codicem
867 3467 947 3510 nunc
966 3447 1154 3529 deperditum
1174 3457 1296 3511 secutus
1314 3450 1418 3511 decem

271 3553 372 3632 Cyrilli
400 3562 504 3617 contra
532 3553 678 3616 lulianum
706 3554 798 3615 libros
822 3557 863 3616 ita
890 3555 980 3617 latine
1007 3555 1151 3637 reddidit,
1180 3562 1214 3617 ut
1234 3555 1417 3637 plerumque

269 3661 359 3722 etiam
373 3679 455 3722 nunc
469 3663 608 3740 cognosci
618 3669 729 3744 posset,
742 3679 831 3740 quam
844 3661 894 3723 ille
907 3661 1094 3744 praebuisset
1103 3663 1292 3742 scripturam.
1314 3662 1418 3726 Exstat

270 3775 370 3830 autem
385 3766 603 3848 Oecolampadii
619 3769 826 3847 interpretatio
844 3771 875 3830 in
894 3769 983 3832 latina
996 3769 1132 3832 Andreae
1147 3769 1302 3831 Cratandri
1316 3770 1416 3852 Cyrilli

270 3875 428 3938 Alexandri
456 3874 586 3936 editione
608 3873 740 3936 Basileae
763 3893 788 3936 a.
815 3872 899 3938 1528
928 3875 1040 3955 publici
1067 3878 1142 3937 iuris
1170 3877 1247 3938 iacta
1274 3885 1344 3940 tom.
1367 3878 1415 3939 111.

269 3982 443 4045 Notavimus
466 3989 565 4043 autem
588 3981 721 4044 codicem
745 3981 947 4063 Gapnioueum
969 3980 1069 4045 littera
1093 3982 1128 4065 C,
1153 3984 1252 4046 littera
1274 3983 1299 4046 0
1323 3984 1413 4047 Oeco-

268 4089 407 4169 lampadii
429 4091 604 4152 versionem.
1280 4073 1282 4078 ’

359 4196 419 4260 Sed
443 4199 532 4258 etiam
551 4200 714 4280 quaeritm,
732 4215 791 4277 quo
815 4202 950 4278 tempore
971 4204 1108 4258 exaratus
1127 4198 1167 4258 sit
1185 4197 1278 4259 codex
1292 4196 1413 4278 Gapuio

269 4319 353 4365 neus.
399 4301 494 4374 Quem
517 4303 627 4366 litteris
650 4304 825 4368 minusculis
848 4304 993 4384 scriptum
1018 4305 1109 4366 luisse
1132 4304 1202 4366 inde
1224 4303 1414 4387 intellegitur,

270 4412 351 4496 quod
370 4413 433 4495 ipse
452 4431 571 4496 quoque
585 4433 613 4496 p.
628 4409 705 4476 941
725 4420 896 4494 corruptam
913 4410 1052 4494 praebuit
1070 4413 1249 4492 scripturam
1267 4409 1326 4476 τὸν
1346 4408 1413 4492 βίον
