<?xml version="1.0" encoding="UTF-8"?>
<!DOCTYPE html PUBLIC "-//W3C//DTD XHTML 1.0 Transitional//EN"
    "http://www.w3.org/TR/xhtml1/DTD/xhtml1-transitional.dtd">
<html xmlns="http://www.w3.org/1999/xhtml" xml:lang="en" lang="en">
 <head>
  <title>
</title>
<meta http-equiv="Content-Type" content="text/html;charset=utf-8" />
  <meta name='ocr-system' content='tesseract 3.04.00' />
  <meta name='ocr-capabilities' content='ocr_page ocr_carea ocr_par ocr_line ocrx_word'/>
</head>
<body>
  <div class='ocr_page' id='page_1' title='image "./ivlianiimperato00juligoog_0127.png"; bbox 0 0 3192 4906; ppageno 0'>
   <div class='ocr_carea' id='block_1_1' title="bbox 541 307 1349 378">
    <p class='ocr_par' dir='ltr' id='par_1_1' title="bbox 541 307 1349 378">
     <span class='ocr_line' id='line_1_1' title="bbox 541 307 1349 378; baseline 0.015 -17"><span class='ocrx_word' id='word_1_1' title='bbox 541 307 583 364; x_wconf 89' lang='lat' dir='ltr'>De</span> <span class='ocrx_word' id='word_1_2' title='bbox 601 309 703 362; x_wconf 74' lang='lat' dir='ltr'>Iuliani</span> <span class='ocrx_word' id='word_1_3' title='bbox 720 308 798 364; x_wconf 86' lang='lat' dir='ltr'>libris</span> <span class='ocrx_word' id='word_1_4' title='bbox 817 309 1004 368; x_wconf 76' lang='lat' dir='ltr'>restituendis.</span> <span class='ocrx_word' id='word_1_5' title='bbox 1287 309 1349 378; x_wconf 85' lang='grc' dir='ltr'>1οί</span> 
     </span>
    </p>
   </div>
   <div class='ocr_carea' id='block_1_2' title="bbox 202 475 1350 666">
    <p class='ocr_par' dir='ltr' id='par_1_2' title="bbox 202 475 1350 666">
     <span class='ocr_line' id='line_1_2' title="bbox 202 475 1350 559; baseline 0.001 -21"><span class='ocrx_word' id='word_1_6' title='bbox 202 475 429 554; x_wconf 79' lang='lat' dir='ltr'>argumentandi</span> <span class='ocrx_word' id='word_1_7' title='bbox 453 477 588 557; x_wconf 86' lang='lat' dir='ltr'>rationc‚·</span> <span class='ocrx_word' id='word_1_8' title='bbox 610 493 697 555; x_wconf 86' lang='lat' dir='ltr'>quam</span> <span class='ocrx_word' id='word_1_9' title='bbox 721 476 812 537; x_wconf 88' lang='lat' dir='ltr'>solam</span> <span class='ocrx_word' id='word_1_10' title='bbox 840 480 937 556; x_wconf 92' lang='lat' dir='ltr'>potuit</span> <span class='ocrx_word' id='word_1_11' title='bbox 961 477 1108 539; x_wconf 81' lang='lat' dir='ltr'>adhibere.</span> <span class='ocrx_word' id='word_1_12' title='bbox 1151 480 1246 559; x_wconf 78' lang='lat' dir='ltr'>Atque</span> <span class='ocrx_word' id='word_1_13' title='bbox 1275 481 1350 559; x_wconf 80' lang='lat' dir='ltr'>inag-</span> 
     </span>
     <span class='ocr_line' id='line_1_3' title="bbox 203 581 1350 666; baseline 0.002 -22"><span class='ocrx_word' id='word_1_14' title='bbox 203 586 312 644; x_wconf 79' lang='lat' dir='ltr'>mentis</span> <span class='ocrx_word' id='word_1_15' title='bbox 337 581 411 644; x_wconf 76' lang='grc' dir='ltr'>ίῦλ</span> <span class='ocrx_word' id='word_1_16' title='bbox 427 601 470 662; x_wconf 82' lang='lat' dir='ltr'>sq.</span> <span class='ocrx_word' id='word_1_17' title='bbox 494 581 537 646; x_wconf 84' lang='lat'>86</span> <span class='ocrx_word' id='word_1_18' title='bbox 548 584 579 644; x_wconf 84' lang='grc' dir='ltr'>Α.</span> <span class='ocrx_word' id='word_1_19' title='bbox 603 581 679 645; x_wconf 78' lang='grc' dir='ltr'>89Α</span> <span class='ocrx_word' id='word_1_20' title='bbox 694 603 737 663; x_wconf 85' lang='lat' dir='ltr'>sq.</span> <span class='ocrx_word' id='word_1_21' title='bbox 761 581 803 647; x_wconf 88' lang='grc'>93</span> <span class='ocrx_word' id='word_1_22' title='bbox 819 603 882 666; x_wconf 88' lang='lat' dir='ltr'><strong>sqq.</strong></span> <span class='ocrx_word' id='word_1_23' title='bbox 911 587 1008 664; x_wconf 79' lang='lat' dir='ltr'>agitur</span> <span class='ocrx_word' id='word_1_24' title='bbox 1030 585 1068 646; x_wconf 92' lang='lat' dir='ltr'>de</span> <span class='ocrx_word' id='word_1_25' title='bbox 1096 584 1187 646; x_wconf 90' lang='lat' dir='ltr'>rebus</span> <span class='ocrx_word' id='word_1_26' title='bbox 1214 585 1244 645; x_wconf 92' lang='lat' dir='ltr'>in</span> <span class='ocrx_word' id='word_1_27' title='bbox 1268 602 1350 664; x_wconf 90' lang='lat' dir='ltr'>para-</span> 
     </span>
    </p>
   </div>
   <div class='ocr_carea' id='block_1_3' title="bbox 108 688 1350 772">
    <p class='ocr_par' dir='ltr' id='par_1_3' title="bbox 108 688 1350 772">
     <span class='ocr_line' id='line_1_4' title="bbox 108 688 1350 772; baseline 0.001 -21"><span class='ocrx_word' id='word_1_28' title='bbox 108 761 113 772; x_wconf 37' lang='lat'>·</span> <span class='ocrx_word' id='word_1_29' title='bbox 203 691 268 751; x_wconf 90' lang='lat' dir='ltr'>diso</span> <span class='ocrx_word' id='word_1_30' title='bbox 293 691 394 770; x_wconf 81' lang='lat' dir='ltr'>gestis,</span> <span class='ocrx_word' id='word_1_31' title='bbox 418 707 491 769; x_wconf 88' lang='lat' dir='ltr'>quas</span> <span class='ocrx_word' id='word_1_32' title='bbox 514 708 617 749; x_wconf 91' lang='lat' dir='ltr'>omnes</span> <span class='ocrx_word' id='word_1_33' title='bbox 641 688 789 751; x_wconf 80' lang='lat' dir='ltr'>fabulosas</span> <span class='ocrx_word' id='word_1_34' title='bbox 812 709 878 752; x_wconf 88' lang='lat' dir='ltr'>esse</span> <span class='ocrx_word' id='word_1_35' title='bbox 907 691 1065 753; x_wconf 82' lang='lat' dir='ltr'>ostendere</span> <span class='ocrx_word' id='word_1_36' title='bbox 1089 692 1188 753; x_wconf 88' lang='lat' dir='ltr'>studet</span> <span class='ocrx_word' id='word_1_37' title='bbox 1211 690 1350 753; x_wconf 84' lang='lat' dir='ltr'>lulianus.</span> 
     </span>
    </p>
   </div>
   <div class='ocr_carea' id='block_1_4' title="bbox 149 795 1419 2375">
    <p class='ocr_par' dir='ltr' id='par_1_4' title="bbox 149 795 1419 2375">
     <span class='ocr_line' id='line_1_5' title="bbox 203 795 1395 879; baseline 0.003 -23"><span class='ocrx_word' id='word_1_38' title='bbox 203 796 289 868; x_wconf 83' lang='lat' dir='ltr'>Quod</span> <span class='ocrx_word' id='word_1_39' title='bbox 309 797 400 874; x_wconf 81' lang='lat' dir='ltr'>igitur</span> <span class='ocrx_word' id='word_1_40' title='bbox 418 797 507 856; x_wconf 89' lang='lat' dir='ltr'>etiam</span> <span class='ocrx_word' id='word_1_41' title='bbox 525 813 579 874; x_wconf 90' lang='lat' dir='ltr'>per</span> <span class='ocrx_word' id='word_1_42' title='bbox 599 813 630 855; x_wconf 91' lang='lat' dir='ltr'>se</span> <span class='ocrx_word' id='word_1_43' title='bbox 650 797 712 857; x_wconf 90' lang='lat' dir='ltr'>veri</span> <span class='ocrx_word' id='word_1_44' title='bbox 732 795 826 858; x_wconf 89' lang='lat' dir='ltr'>simiie</span> <span class='ocrx_word' id='word_1_45' title='bbox 846 798 972 878; x_wconf 80' lang='lat' dir='ltr'>videtur,</span> <span class='ocrx_word' id='word_1_46' title='bbox 990 797 1097 859; x_wconf 91' lang='lat' dir='ltr'>horum</span> <span class='ocrx_word' id='word_1_47' title='bbox 1117 799 1350 879; x_wconf 79' lang='lat' dir='ltr'>fragmentorum</span> <span class='ocrx_word' id='word_1_48' title='bbox 1386 825 1395 842; x_wconf 52' lang='grc' dir='ltr'>ι</span> 
     </span>
     <span class='ocr_line' id='line_1_6' title="bbox 202 883 1350 985; baseline 0.002 -21"><span class='ocrx_word' id='word_1_49' title='bbox 202 903 282 964; x_wconf 87' lang='lat' dir='ltr'>aliud</span> <span class='ocrx_word' id='word_1_50' title='bbox 299 883 362 962; x_wconf 74' lang='lat' dir='ltr'>¹aiio</span> <span class='ocrx_word' id='word_1_51' title='bbox 385 903 496 983; x_wconf 85' lang='lat' dir='ltr'>excipi,</span> <span class='ocrx_word' id='word_1_52' title='bbox 517 903 596 980; x_wconf 89' lang='lat' dir='ltr'>&#39;ipsis</span> <span class='ocrx_word' id='word_1_53' title='bbox 619 901 718 982; x_wconf 82' lang='lat' dir='ltr'>Cyriili</span> <span class='ocrx_word' id='word_1_54' title='bbox 746 903 845 964; x_wconf 86' lang='lat' dir='ltr'>verbis</span> <span class='ocrx_word' id='word_1_55' title='bbox 873 903 1024 985; x_wconf 91' lang='lat' dir='ltr'>probatur.</span> <span class='ocrx_word' id='word_1_56' title='bbox 1066 903 1243 985; x_wconf 78' lang='lat' dir='ltr'>Fragmento</span> <span class='ocrx_word' id='word_1_57' title='bbox 1271 909 1350 966; x_wconf 93' lang='lat' dir='ltr'>enim</span> 
     </span>
     <span class='ocr_line' id='line_1_7' title="bbox 203 1007 1386 1090; baseline -0.001 -18"><span class='ocrx_word' id='word_1_58' title='bbox 203 1007 339 1089; x_wconf 77' lang='lat' dir='ltr'>89Asq.</span> <span class='ocrx_word' id='word_1_59' title='bbox 368 1007 440 1070; x_wconf 89' lang='lat' dir='ltr'>haec</span> <span class='ocrx_word' id='word_1_60' title='bbox 468 1010 621 1087; x_wconf 77' lang='lat' dir='ltr'>praemisit</span> <span class='ocrx_word' id='word_1_61' title='bbox 650 1008 737 1070; x_wconf 86' lang='lat' dir='ltr'>verba</span> <span class='ocrx_word' id='word_1_62' title='bbox 766 1029 793 1090; x_wconf 87' lang='lat' dir='ltr'>p.</span> <span class='ocrx_word' id='word_1_63' title='bbox 809 1008 899 1072; x_wconf 73' lang='lat'>8813:</span> <span class='ocrx_word' id='word_1_64' title='bbox 927 1008 1122 1087; x_wconf 85' lang='grc' dir='ltr'>διαπεράναε</span> <span class='ocrx_word' id='word_1_65' title='bbox 1150 1008 1349 1072; x_wconf 69' lang='lat' dir='ltr'>circundari</span> <span class='ocrx_word' id='word_1_66' title='bbox 1377 1025 1386 1042; x_wconf 84' lang='grc'><em>·</em></span> 
     </span>
     <span class='ocr_line' id='line_1_8' title="bbox 202 1109 1351 1200; baseline 0 -22"><span class='ocrx_word' id='word_1_67' title='bbox 202 1113 291 1197; x_wconf 83' lang='grc' dir='ltr'>αὐτῷ</span> <span class='ocrx_word' id='word_1_68' title='bbox 310 1116 430 1177; x_wconf 83' lang='grc' dir='ltr'>δοκοῦν</span> <span class='ocrx_word' id='word_1_69' title='bbox 448 1113 506 1176; x_wconf 82' lang='grc' dir='ltr'>τ’ὀν</span> <span class='ocrx_word' id='word_1_70' title='bbox 525 1113 577 1176; x_wconf 82' lang='grc' dir='ltr'>ἐπὶ</span> <span class='ocrx_word' id='word_1_71' title='bbox 594 1117 677 1197; x_wconf 79' lang='grc' dir='ltr'>τῷδε</span> <span class='ocrx_word' id='word_1_72' title='bbox 699 1109 753 1200; x_wconf 88' lang='lat' dir='ltr'>(sc.</span> <span class='ocrx_word' id='word_1_73' title='bbox 773 1118 809 1180; x_wconf 90' lang='lat' dir='ltr'>de</span> <span class='ocrx_word' id='word_1_74' title='bbox 829 1127 967 1199; x_wconf 85' lang='lat' dir='ltr'>serpente</span> <span class='ocrx_word' id='word_1_75' title='bbox 987 1121 1111 1198; x_wconf 86' lang='lat' dir='ltr'>quaein</span> <span class='ocrx_word' id='word_1_76' title='bbox 1131 1117 1266 1197; x_wconf 78' lang='lat' dir='ltr'>paradiso</span> <span class='ocrx_word' id='word_1_77' title='bbox 1286 1118 1351 1199; x_wconf 88' lang='lat' dir='ltr'>inlt,</span> 
     </span>
     <span class='ocr_line' id='line_1_9' title="bbox 200 1217 1350 1304; baseline 0.003 -20"><span class='ocrx_word' id='word_1_78' title='bbox 200 1223 238 1284; x_wconf 86' lang='lat' dir='ltr'>de</span> <span class='ocrx_word' id='word_1_79' title='bbox 258 1241 315 1302; x_wconf 92' lang='lat' dir='ltr'>qua</span> <span class='ocrx_word' id='word_1_80' title='bbox 335 1231 436 1302; x_wconf 85' lang='lat' dir='ltr'>egerat</span> <span class='ocrx_word' id='word_1_81' title='bbox 455 1223 494 1302; x_wconf 83' lang='lat' dir='ltr'>ig.</span> <span class='ocrx_word' id='word_1_82' title='bbox 510 1219 552 1284; x_wconf 86' lang='lat'>86</span> <span class='ocrx_word' id='word_1_83' title='bbox 563 1217 600 1304; x_wconf 86' lang='grc' dir='ltr'>Α)</span> <span class='ocrx_word' id='word_1_84' title='bbox 625 1219 733 1300; x_wconf 85' lang='grc' dir='ltr'>λόγον,</span> <span class='ocrx_word' id='word_1_85' title='bbox 757 1223 1034 1288; x_wconf 87' lang='grc' dir='ltr'>κατανεανιεύεται</span> <span class='ocrx_word' id='word_1_86' title='bbox 1054 1222 1151 1287; x_wconf 87' lang='grc' dir='ltr'>πάλιν</span> <span class='ocrx_word' id='word_1_87' title='bbox 1169 1226 1235 1287; x_wconf 88' lang='grc' dir='ltr'>τιῦν</span> <span class='ocrx_word' id='word_1_88' title='bbox 1253 1222 1350 1301; x_wconf 87' lang='grc' dir='ltr'>ίεριῦν</span> 
     </span>
     <span class='ocr_line' id='line_1_10' title="bbox 200 1320 1351 1412; baseline 0.002 -22"><span class='ocrx_word' id='word_1_89' title='bbox 200 1325 396 1405; x_wconf 87' lang='grc' dir='ltr'>γραμμάτων</span> <span class='ocrx_word' id='word_1_90' title='bbox 415 1325 465 1390; x_wconf 92' lang='grc' dir='ltr'>καί</span> <span class='ocrx_word' id='word_1_91' title='bbox 480 1347 572 1411; x_wconf 59' lang='lat' dir='ltr'>patu</span> <span class='ocrx_word' id='word_1_92' title='bbox 591 1331 755 1410; x_wconf 83' lang='lat' dir='ltr'>fragmento</span> <span class='ocrx_word' id='word_1_93' title='bbox 770 1340 868 1393; x_wconf 89' lang='lat' dir='ltr'>autem</span> <span class='ocrx_word' id='word_1_94' title='bbox 888 1329 965 1393; x_wconf 78' lang='lat'>931)</span> <span class='ocrx_word' id='word_1_95' title='bbox 981 1351 1024 1412; x_wconf 88' lang='lat' dir='ltr'>sq.</span> <span class='ocrx_word' id='word_1_96' title='bbox 1044 1331 1129 1394; x_wconf 86' lang='lat' dir='ltr'>haec:</span> <span class='ocrx_word' id='word_1_97' title='bbox 1148 1320 1351 1408; x_wconf 71' lang='lat' dir='ltr'>conuiuatus</span> 
     </span>
     <span class='ocr_line' id='line_1_11' title="bbox 200 1431 1419 1519; baseline 0.003 -22"><span class='ocrx_word' id='word_1_98' title='bbox 200 1434 263 1512; x_wconf 87' lang='grc' dir='ltr'>γὰρ</span> <span class='ocrx_word' id='word_1_99' title='bbox 283 1433 388 1512; x_wconf 83' lang='grc' dir='ltr'>ὥεπερ</span> <span class='ocrx_word' id='word_1_100' title='bbox 396 1431 421 1519; x_wconf 89' lang='lat'>¹)</span> <span class='ocrx_word' id='word_1_101' title='bbox 440 1437 506 1497; x_wconf 78' lang='lat' dir='ltr'>ror</span> <span class='ocrx_word' id='word_1_102' title='bbox 529 1433 646 1498; x_wconf 89' lang='grc' dir='ltr'>ἑαυτοῦ</span> <span class='ocrx_word' id='word_1_103' title='bbox 664 1439 802 1500; x_wconf 85' lang='grc' dir='ltr'>ποιεῖται</span> <span class='ocrx_word' id='word_1_104' title='bbox 823 1435 931 1512; x_wconf 89' lang='grc' dir='ltr'>λόγων</span> <span class='ocrx_word' id='word_1_105' title='bbox 950 1435 1164 1516; x_wconf 86' lang='grc' dir='ltr'>ὁφιλόεοφοτ</span> <span class='ocrx_word' id='word_1_106' title='bbox 1180 1435 1351 1502; x_wconf 86' lang='grc' dir='ltr'>Ἰουλιανὸε</span> <span class='ocrx_word' id='word_1_107' title='bbox 1414 1505 1419 1512; x_wconf 74' lang='grc'>,</span> 
     </span>
     <span class='ocr_line' id='line_1_12' title="bbox 200 1537 1350 1626; baseline 0.002 -22"><span class='ocrx_word' id='word_1_108' title='bbox 200 1540 288 1604; x_wconf 85' lang='grc' dir='ltr'>οὕτω</span> <span class='ocrx_word' id='word_1_109' title='bbox 313 1537 455 1626; x_wconf 74' lang='grc' dir='ltr'>λέγων’)</span> <span class='ocrx_word' id='word_1_110' title='bbox 493 1543 574 1614; x_wconf 81' lang='lat' dir='ltr'>Quae</span> <span class='ocrx_word' id='word_1_111' title='bbox 598 1552 698 1605; x_wconf 90' lang='lat' dir='ltr'>autem</span> <span class='ocrx_word' id='word_1_112' title='bbox 725 1544 782 1605; x_wconf 90' lang='lat' dir='ltr'>hoc</span> <span class='ocrx_word' id='word_1_113' title='bbox 808 1545 874 1605; x_wconf 90' lang='lat' dir='ltr'>ioco</span> <span class='ocrx_word' id='word_1_114' title='bbox 897 1545 1029 1625; x_wconf 88' lang='lat' dir='ltr'>disputat</span> <span class='ocrx_word' id='word_1_115' title='bbox 1056 1546 1092 1606; x_wconf 91' lang='lat' dir='ltr'>de</span> <span class='ocrx_word' id='word_1_116' title='bbox 1116 1547 1172 1607; x_wconf 90' lang='lat' dir='ltr'>deo</span> <span class='ocrx_word' id='word_1_117' title='bbox 1195 1545 1284 1606; x_wconf 89' lang='lat' dir='ltr'>nimis</span> <span class='ocrx_word' id='word_1_118' title='bbox 1307 1548 1350 1607; x_wconf 90' lang='lat' dir='ltr'>iu-</span> 
     </span>
     <span class='ocr_line' id='line_1_13' title="bbox 149 1648 1349 1734; baseline 0.003 -25"><span class='ocrx_word' id='word_1_119' title='bbox 149 1713 152 1719; x_wconf 55' lang='lat'><em>,</em></span> <span class='ocrx_word' id='word_1_120' title='bbox 201 1649 270 1710; x_wconf 81' lang='lat' dir='ltr'>vido</span> <span class='ocrx_word' id='word_1_121' title='bbox 288 1658 319 1711; x_wconf 91' lang='lat' dir='ltr'>ct</span> <span class='ocrx_word' id='word_1_122' title='bbox 343 1648 493 1730; x_wconf 86' lang='lat' dir='ltr'>malevolo,</span> <span class='ocrx_word' id='word_1_123' title='bbox 512 1650 693 1730; x_wconf 88' lang='lat' dir='ltr'>respondent</span> <span class='ocrx_word' id='word_1_124' title='bbox 711 1653 748 1712; x_wconf 88' lang='lat' dir='ltr'>iis</span> <span class='ocrx_word' id='word_1_125' title='bbox 767 1670 842 1731; x_wconf 88' lang='lat' dir='ltr'>quae</span> <span class='ocrx_word' id='word_1_126' title='bbox 862 1650 991 1732; x_wconf 69' lang='lat' dir='ltr'>ipddd</span> <span class='ocrx_word' id='word_1_127' title='bbox 1006 1671 1049 1733; x_wconf 86' lang='lat' dir='ltr'>sq.</span> <span class='ocrx_word' id='word_1_128' title='bbox 1070 1653 1106 1713; x_wconf 90' lang='lat' dir='ltr'>de</span> <span class='ocrx_word' id='word_1_129' title='bbox 1125 1655 1263 1734; x_wconf 88' lang='lat' dir='ltr'>pessimis</span> <span class='ocrx_word' id='word_1_130' title='bbox 1281 1654 1349 1715; x_wconf 89' lang='lat' dir='ltr'>deo-</span> 
     </span>
     <span class='ocr_line' id='line_1_14' title="bbox 201 1757 1351 1839; baseline 0.003 -22"><span class='ocrx_word' id='word_1_131' title='bbox 201 1775 268 1817; x_wconf 93' lang='lat' dir='ltr'>rum</span> <span class='ocrx_word' id='word_1_132' title='bbox 289 1757 422 1818; x_wconf 87' lang='lat' dir='ltr'>moribus</span> <span class='ocrx_word' id='word_1_133' title='bbox 441 1763 627 1839; x_wconf 81' lang='lat' dir='ltr'>exposuerat,</span> <span class='ocrx_word' id='word_1_134' title='bbox 648 1757 749 1837; x_wconf 88' lang='lat' dir='ltr'>quales</span> <span class='ocrx_word' id='word_1_135' title='bbox 772 1761 803 1819; x_wconf 93' lang='lat' dir='ltr'>in</span> <span class='ocrx_word' id='word_1_136' title='bbox 822 1758 929 1820; x_wconf 80' lang='lat' dir='ltr'>inbutis</span> <span class='ocrx_word' id='word_1_137' title='bbox 948 1759 1129 1820; x_wconf 87' lang='lat' dir='ltr'>Graecorum</span> <span class='ocrx_word' id='word_1_138' title='bbox 1150 1768 1351 1822; x_wconf 78' lang='lat' dir='ltr'>narrarentur.</span> 
     </span>
     <span class='ocr_line' id='line_1_15' title="bbox 201 1863 1351 1945; baseline 0.003 -21"><span class='ocrx_word' id='word_1_139' title='bbox 201 1863 304 1943; x_wconf 88' lang='lat' dir='ltr'>ltaque</span> <span class='ocrx_word' id='word_1_140' title='bbox 327 1875 382 1942; x_wconf 85' lang='lat' dir='ltr'>pro</span> <span class='ocrx_word' id='word_1_141' title='bbox 406 1874 489 1925; x_wconf 88' lang='lat' dir='ltr'>certo</span> <span class='ocrx_word' id='word_1_142' title='bbox 508 1864 724 1924; x_wconf 84' lang='lat' dir='ltr'>adfirmaverim</span> <span class='ocrx_word' id='word_1_143' title='bbox 747 1865 827 1926; x_wconf 91' lang='lat' dir='ltr'>huuc</span> <span class='ocrx_word' id='word_1_144' title='bbox 846 1883 911 1926; x_wconf 90' lang='lat' dir='ltr'>esse</span> <span class='ocrx_word' id='word_1_145' title='bbox 930 1867 1092 1945; x_wconf 79' lang='lat' dir='ltr'>genuinum</span> <span class='ocrx_word' id='word_1_146' title='bbox 1117 1867 1351 1945; x_wconf 84' lang='lat' dir='ltr'>fragmentorum</span> 
     </span>
     <span class='ocr_line' id='line_1_16' title="bbox 201 1951 1350 2053; baseline 0.003 -23"><span class='ocrx_word' id='word_1_147' title='bbox 201 1970 337 2032; x_wconf 89' lang='lat' dir='ltr'>ordinem</span> <span class='ocrx_word' id='word_1_148' title='bbox 356 1979 386 2032; x_wconf 90' lang='lat' dir='ltr'>et</span> <span class='ocrx_word' id='word_1_149' title='bbox 405 1951 756 2032; x_wconf 85' lang='lat' dir='ltr'>sententiarum-nexum.</span> <span class='ocrx_word' id='word_1_150' title='bbox 796 1973 1037 2052; x_wconf 85' lang='lat' dir='ltr'>Redargneretur</span> <span class='ocrx_word' id='word_1_151' title='bbox 1051 1981 1149 2034; x_wconf 91' lang='lat' dir='ltr'>autem</span> <span class='ocrx_word' id='word_1_152' title='bbox 1170 1974 1350 2053; x_wconf 89' lang='lat' dir='ltr'>coniectura,</span> 
     </span>
     <span class='ocr_line' id='line_1_17' title="bbox 200 2075 1350 2159; baseline -0.001 -20"><span class='ocrx_word' id='word_1_153' title='bbox 200 2081 226 2139; x_wconf 90' lang='lat' dir='ltr'>si</span> <span class='ocrx_word' id='word_1_154' title='bbox 255 2077 329 2138; x_wconf 83' lang='lat' dir='ltr'>fides</span> <span class='ocrx_word' id='word_1_155' title='bbox 360 2076 493 2138; x_wconf 85' lang='lat' dir='ltr'>habenda</span> <span class='ocrx_word' id='word_1_156' title='bbox 522 2087 602 2139; x_wconf 89' lang='lat' dir='ltr'>esset</span> <span class='ocrx_word' id='word_1_157' title='bbox 625 2077 753 2159; x_wconf 87' lang='lat' dir='ltr'>Socrati,</span> <span class='ocrx_word' id='word_1_158' title='bbox 781 2080 832 2156; x_wconf 90' lang='lat' dir='ltr'>qui</span> <span class='ocrx_word' id='word_1_159' title='bbox 860 2081 890 2139; x_wconf 93' lang='lat' dir='ltr'>in</span> <span class='ocrx_word' id='word_1_160' title='bbox 914 2075 1123 2141; x_wconf 81' lang='lat' dir='ltr'>h.e.1t123:</span> <span class='ocrx_word' id='word_1_161' title='bbox 1152 2076 1261 2156; x_wconf 86' lang='grc' dir='ltr'>λαβὼν</span> <span class='ocrx_word' id='word_1_162' title='bbox 1288 2075 1350 2154; x_wconf 91' lang='grc' dir='ltr'>γάρ</span> 
     </span>
     <span class='ocr_line' id='line_1_18' title="bbox 199 2171 1349 2268; baseline 0 -22"><span class='ocrx_word' id='word_1_163' title='bbox 199 2171 314 2263; x_wconf 51' lang='lat' dir='ltr'>arvad)</span> <span class='ocrx_word' id='word_1_164' title='bbox 333 2187 438 2266; x_wconf 86' lang='lat' dir='ltr'>inquit,</span> <span class='ocrx_word' id='word_1_165' title='bbox 457 2182 580 2262; x_wconf 87' lang='grc' dir='ltr'>ῥήματα</span> <span class='ocrx_word' id='word_1_166' title='bbox 600 2183 654 2263; x_wconf 86' lang='lat' dir='ltr'>(se.</span> <span class='ocrx_word' id='word_1_167' title='bbox 674 2180 868 2268; x_wconf 65' lang='lat' dir='ltr'>iocinerum),</span> <span class='ocrx_word' id='word_1_168' title='bbox 892 2183 951 2247; x_wconf 86' lang='grc' dir='ltr'>ὅεα</span> <span class='ocrx_word' id='word_1_169' title='bbox 971 2184 1077 2262; x_wconf 79' lang='grc' dir='ltr'>χρεία(</span> <span class='ocrx_word' id='word_1_170' title='bbox 1096 2184 1206 2250; x_wconf 85' lang='grc' dir='ltr'>ἕνεκεν</span> <span class='ocrx_word' id='word_1_171' title='bbox 1224 2183 1349 2248; x_wconf 90' lang='grc' dir='ltr'>οἰκονο-</span> 
     </span>
     <span class='ocr_line' id='line_1_19' title="bbox 199 2287 1351 2375; baseline 0.002 -23"><span class='ocrx_word' id='word_1_172' title='bbox 199 2293 297 2368; x_wconf 88' lang='grc' dir='ltr'>μικιῦε</span> <span class='ocrx_word' id='word_1_173' title='bbox 321 2289 372 2354; x_wconf 81' lang='grc' dir='ltr'>ἐπὶ</span> <span class='ocrx_word' id='word_1_174' title='bbox 395 2293 454 2353; x_wconf 91' lang='grc' dir='ltr'>τοῦ</span> <span class='ocrx_word' id='word_1_175' title='bbox 474 2294 550 2354; x_wconf 83' lang='grc' dir='ltr'>θεοῦ</span> <span class='ocrx_word' id='word_1_176' title='bbox 574 2287 658 2375; x_wconf 62' lang='grc' dir='ltr'>καλί)</span> <span class='ocrx_word' id='word_1_177' title='bbox 687 2289 975 2370; x_wconf 85' lang='grc' dir='ltr'>ἀνθρωπικώτερον</span> <span class='ocrx_word' id='word_1_178' title='bbox 998 2293 1144 2356; x_wconf 86' lang='grc' dir='ltr'>τέτακται</span> <span class='ocrx_word' id='word_1_179' title='bbox 1168 2291 1219 2356; x_wconf 89' lang='grc' dir='ltr'>καλ</span> <span class='ocrx_word' id='word_1_180' title='bbox 1243 2291 1351 2355; x_wconf 87' lang='grc' dir='ltr'>πολλὰ</span> 
     </span>
    </p>
   </div>
   <div class='ocr_carea' id='block_1_5' title="bbox 198 2395 1445 2478">
    <p class='ocr_par' dir='ltr' id='par_1_5' title="bbox 198 2395 1445 2478">
     <span class='ocr_line' id='line_1_20' title="bbox 198 2395 1445 2478; baseline -0.002 -18"><span class='ocrx_word' id='word_1_181' title='bbox 198 2399 333 2461; x_wconf 88' lang='grc' dir='ltr'>τοιαῦτα</span> <span class='ocrx_word' id='word_1_182' title='bbox 362 2395 560 2476; x_wconf 80' lang='grc' dir='ltr'>ἐπιτυνείραε</span> <span class='ocrx_word' id='word_1_183' title='bbox 589 2398 682 2462; x_wconf 86' lang='grc' dir='ltr'>τέλοε</span> <span class='ocrx_word' id='word_1_184' title='bbox 710 2398 856 2478; x_wconf 81' lang='grc' dir='ltr'>ἐπιφέρει</span> <span class='ocrx_word' id='word_1_185' title='bbox 880 2397 960 2462; x_wconf 87' lang='grc' dir='ltr'>κατὰ</span> <span class='ocrx_word' id='word_1_186' title='bbox 988 2400 1074 2465; x_wconf 83' lang='grc' dir='ltr'>λέξιν</span> <span class='ocrx_word' id='word_1_187' title='bbox 1095 2399 1185 2463; x_wconf 82' lang='grc' dir='ltr'>τάδε·</span> <span class='ocrx_word' id='word_1_188' title='bbox 1217 2397 1351 2468; x_wconf 83' lang='grc' dir='ltr'>Τούτων</span> <span class='ocrx_word' id='word_1_189' title='bbox 1442 2454 1445 2458; x_wconf 86' lang='grc'>,</span> 
     </span>
    </p>
   </div>
   <div class='ocr_carea' id='block_1_6' title="bbox 153 2499 1350 3331">
    <p class='ocr_par' dir='ltr' id='par_1_6' title="bbox 153 2499 1350 3331">
     <span class='ocr_line' id='line_1_21' title="bbox 199 2499 1350 2590; baseline 0 -23"><span class='ocrx_word' id='word_1_190' title='bbox 199 2503 310 2578; x_wconf 86' lang='grc' dir='ltr'>τοίνυν</span> <span class='ocrx_word' id='word_1_191' title='bbox 334 2499 501 2590; x_wconf 56' lang='lat' dir='ltr'>tractor)</span> <span class='ocrx_word' id='word_1_192' title='bbox 526 2504 552 2568; x_wconf 87' lang='grc' dir='ltr'>ελ</span> <span class='ocrx_word' id='word_1_193' title='bbox 577 2506 616 2584; x_wconf 83' lang='grc' dir='ltr'>μὴ</span> <span class='ocrx_word' id='word_1_194' title='bbox 637 2503 734 2584; x_wconf 88' lang='grc' dir='ltr'>λόγοε</span> <span class='ocrx_word' id='word_1_195' title='bbox 758 2505 842 2569; x_wconf 86' lang='grc' dir='ltr'>έετὶν</span> <span class='ocrx_word' id='word_1_196' title='bbox 860 2503 1044 2585; x_wconf 89' lang='grc' dir='ltr'>ἀπόρρητον</span> <span class='ocrx_word' id='word_1_197' title='bbox 1067 2504 1154 2585; x_wconf 82' lang='grc' dir='ltr'>ἔχων</span> <span class='ocrx_word' id='word_1_198' title='bbox 1175 2505 1248 2569; x_wconf 89' lang='grc' dir='ltr'>τινὰ</span> <span class='ocrx_word' id='word_1_199' title='bbox 1270 2509 1350 2569; x_wconf 89' lang='grc' dir='ltr'>θεω-</span> 
     </span>
     <span class='ocr_line' id='line_1_22' title="bbox 200 2607 1350 2692; baseline 0.003 -18"><span class='ocrx_word' id='word_1_200' title='bbox 200 2609 286 2689; x_wconf 83' lang='grc' dir='ltr'>ρίαν,</span> <span class='ocrx_word' id='word_1_201' title='bbox 314 2607 396 2689; x_wconf 86' lang='grc' dir='ltr'>ὅπερ</span> <span class='ocrx_word' id='word_1_202' title='bbox 420 2610 485 2686; x_wconf 86' lang='grc' dir='ltr'>ἐγὼ</span> <span class='ocrx_word' id='word_1_203' title='bbox 509 2609 672 2692; x_wconf 85' lang='grc' dir='ltr'>νενόμικα,</span> <span class='ocrx_word' id='word_1_204' title='bbox 696 2614 818 2692; x_wconf 88' lang='grc' dir='ltr'>πολλῆε</span> <span class='ocrx_word' id='word_1_205' title='bbox 840 2613 990 2689; x_wconf 85' lang='grc' dir='ltr'>γέμοοειν</span> <span class='ocrx_word' id='word_1_206' title='bbox 1013 2612 1044 2676; x_wconf 92' lang='grc' dir='ltr'>οἱ</span> <span class='ocrx_word' id='word_1_207' title='bbox 1072 2611 1164 2688; x_wconf 87' lang='grc' dir='ltr'>λόγοι</span> <span class='ocrx_word' id='word_1_208' title='bbox 1189 2613 1262 2690; x_wconf 84' lang='grc' dir='ltr'>περὶ</span> <span class='ocrx_word' id='word_1_209' title='bbox 1291 2616 1350 2677; x_wconf 93' lang='grc' dir='ltr'>τοῦ</span> 
     </span>
     <span class='ocr_line' id='line_1_23' title="bbox 199 2713 1349 2802; baseline -0.001 -20"><span class='ocrx_word' id='word_1_210' title='bbox 199 2713 310 2802; x_wconf 58' lang='grc' dir='ltr'>θεοῦθ)</span> <span class='ocrx_word' id='word_1_211' title='bbox 337 2717 541 2797; x_wconf 84' lang='grc' dir='ltr'>βλατφημίαε.</span> <span class='ocrx_word' id='word_1_212' title='bbox 582 2721 683 2781; x_wconf 89' lang='grc' dir='ltr'>ταῦτα</span> <span class='ocrx_word' id='word_1_213' title='bbox 705 2718 763 2796; x_wconf 84' lang='grc' dir='ltr'>μὲν</span> <span class='ocrx_word' id='word_1_214' title='bbox 789 2718 894 2800; x_wconf 81' lang='grc' dir='ltr'>ἐντῷ</span> <span class='ocrx_word' id='word_1_215' title='bbox 917 2717 1030 2802; x_wconf 89' lang='grc' dir='ltr'>τρίτῳ</span> <span class='ocrx_word' id='word_1_216' title='bbox 1055 2715 1154 2782; x_wconf 86' lang='grc' dir='ltr'>αὐτοῦ</span> <span class='ocrx_word' id='word_1_217' title='bbox 1177 2718 1257 2782; x_wconf 87' lang='grc' dir='ltr'>κατὰ</span> <span class='ocrx_word' id='word_1_218' title='bbox 1278 2718 1349 2797; x_wconf 88' lang='grc' dir='ltr'>Χρι-</span> 
     </span>
     <span class='ocr_line' id='line_1_24' title="bbox 153 2822 1350 2906; baseline -0.001 -18"><span class='ocrx_word' id='word_1_219' title='bbox 153 2873 157 2881; x_wconf 92' lang='grc'><em>.</em></span> <span class='ocrx_word' id='word_1_220' title='bbox 200 2827 338 2888; x_wconf 89' lang='grc' dir='ltr'>ετιανιῦν</span> <span class='ocrx_word' id='word_1_221' title='bbox 362 2822 471 2906; x_wconf 84' lang='grc' dir='ltr'>βιβλίῳ</span> <span class='ocrx_word' id='word_1_222' title='bbox 493 2824 604 2888; x_wconf 86' lang='grc' dir='ltr'>αῦταῖε</span> <span class='ocrx_word' id='word_1_223' title='bbox 623 2825 743 2890; x_wconf 80' lang='grc' dir='ltr'>λέξεειν</span> <span class='ocrx_word' id='word_1_224' title='bbox 762 2823 875 2904; x_wconf 82' lang='grc' dir='ltr'>εἴρηκε.</span> <span class='ocrx_word' id='word_1_225' title='bbox 912 2828 1107 2890; x_wconf 87' lang='lat' dir='ltr'>inveniuntur</span> <span class='ocrx_word' id='word_1_226' title='bbox 1126 2837 1225 2888; x_wconf 89' lang='lat' dir='ltr'>autem</span> <span class='ocrx_word' id='word_1_227' title='bbox 1245 2827 1350 2888; x_wconf 87' lang='lat' dir='ltr'>tuiiani</span> 
     </span>
     <span class='ocr_line' id='line_1_25' title="bbox 200 2932 1349 3015; baseline 0.002 -23"><span class='ocrx_word' id='word_1_228' title='bbox 200 2932 291 2993; x_wconf 88' lang='lat' dir='ltr'>verba</span> <span class='ocrx_word' id='word_1_229' title='bbox 315 2951 330 2992; x_wconf 94' lang='lat' dir='ltr'>a</span> <span class='ocrx_word' id='word_1_230' title='bbox 355 2932 476 2994; x_wconf 87' lang='lat' dir='ltr'>Socrate</span> <span class='ocrx_word' id='word_1_231' title='bbox 500 2933 584 2995; x_wconf 85' lang='lat' dir='ltr'>adata</span> <span class='ocrx_word' id='word_1_232' title='bbox 608 2934 685 3013; x_wconf 89' lang='lat' dir='ltr'>apud</span> <span class='ocrx_word' id='word_1_233' title='bbox 705 2933 847 3014; x_wconf 76' lang='lat' dir='ltr'>Cpriiium</span> <span class='ocrx_word' id='word_1_234' title='bbox 866 2953 894 3013; x_wconf 90' lang='lat' dir='ltr'>p.</span> <span class='ocrx_word' id='word_1_235' title='bbox 909 2932 986 2996; x_wconf 70' lang='lat'>9313</span> <span class='ocrx_word' id='word_1_236' title='bbox 1002 2953 1045 3015; x_wconf 88' lang='lat' dir='ltr'>sq.</span> <span class='ocrx_word' id='word_1_237' title='bbox 1082 2934 1161 3014; x_wconf 83' lang='lat' dir='ltr'>Ergo</span> <span class='ocrx_word' id='word_1_238' title='bbox 1185 2933 1349 2994; x_wconf 90' lang='lat' dir='ltr'>secundum</span> 
     </span>
     <span class='ocr_line' id='line_1_26' title="bbox 200 3039 1349 3120; baseline 0 -21"><span class='ocrx_word' id='word_1_239' title='bbox 200 3039 355 3100; x_wconf 82' lang='lat' dir='ltr'>Socratem</span> <span class='ocrx_word' id='word_1_240' title='bbox 383 3039 557 3120; x_wconf 88' lang='lat' dir='ltr'>deprompta</span> <span class='ocrx_word' id='word_1_241' title='bbox 580 3049 651 3102; x_wconf 88' lang='lat' dir='ltr'>sunt</span> <span class='ocrx_word' id='word_1_242' title='bbox 674 3059 707 3100; x_wconf 91' lang='lat' dir='ltr'>ea</span> <span class='ocrx_word' id='word_1_243' title='bbox 735 3039 905 3119; x_wconf 85' lang='lat' dir='ltr'>dequibus</span> <span class='ocrx_word' id='word_1_244' title='bbox 929 3041 1015 3102; x_wconf 92' lang='lat' dir='ltr'>modo</span> <span class='ocrx_word' id='word_1_245' title='bbox 1044 3041 1159 3120; x_wconf 79' lang='lat' dir='ltr'>egimus</span> <span class='ocrx_word' id='word_1_246' title='bbox 1187 3041 1349 3118; x_wconf 83' lang='lat' dir='ltr'>fragmenta</span> 
     </span>
     <span class='ocr_line' id='line_1_27' title="bbox 199 3137 1349 3226; baseline 0 -20"><span class='ocrx_word' id='word_1_247' title='bbox 199 3165 236 3206; x_wconf 87' lang='lat' dir='ltr'>ex</span> <span class='ocrx_word' id='word_1_248' title='bbox 262 3137 351 3207; x_wconf 88' lang='lat' dir='ltr'>tertio</span> <span class='ocrx_word' id='word_1_249' title='bbox 370 3145 474 3206; x_wconf 86' lang='lat' dir='ltr'>iuliani</span> <span class='ocrx_word' id='word_1_250' title='bbox 497 3145 582 3206; x_wconf 88' lang='lat' dir='ltr'>libro.</span> <span class='ocrx_word' id='word_1_251' title='bbox 626 3146 711 3217; x_wconf 86' lang='lat' dir='ltr'>Quod</span> <span class='ocrx_word' id='word_1_252' title='bbox 735 3165 773 3206; x_wconf 92' lang='lat' dir='ltr'>ne</span> <span class='ocrx_word' id='word_1_253' title='bbox 796 3148 975 3226; x_wconf 82' lang='lat' dir='ltr'>accipiamus</span> <span class='ocrx_word' id='word_1_254' title='bbox 1003 3145 1182 3226; x_wconf 91' lang='lat' dir='ltr'>impedimur</span> <span class='ocrx_word' id='word_1_255' title='bbox 1204 3147 1349 3224; x_wconf 87' lang='lat' dir='ltr'>imprimis</span> 
     </span>
     <span class='ocr_line' id='line_1_28' title="bbox 199 3247 1348 3331; baseline 0 -18"><span class='ocrx_word' id='word_1_256' title='bbox 199 3253 358 3331; x_wconf 79' lang='lat' dir='ltr'>fragmenti</span> <span class='ocrx_word' id='word_1_257' title='bbox 378 3249 451 3313; x_wconf 79' lang='grc' dir='ltr'>ίῦΑ</span> <span class='ocrx_word' id='word_1_258' title='bbox 471 3252 569 3314; x_wconf 86' lang='lat' dir='ltr'>verbis</span> <span class='ocrx_word' id='word_1_259' title='bbox 589 3249 714 3314; x_wconf 88' lang='grc' dir='ltr'>τούτοιε</span> <span class='ocrx_word' id='word_1_260' title='bbox 733 3250 919 3330; x_wconf 88' lang='grc' dir='ltr'>παράβαλλε</span> <span class='ocrx_word' id='word_1_261' title='bbox 932 3252 997 3330; x_wconf 78' lang='grc' dir='ltr'>τὴν</span> <span class='ocrx_word' id='word_1_262' title='bbox 1013 3247 1186 3329; x_wconf 77' lang='grc' dir='ltr'>’λουδαϊκὴν</span> <span class='ocrx_word' id='word_1_263' title='bbox 1204 3254 1348 3314; x_wconf 72' lang='lat' dir='ltr'>brococu-</span> 
     </span>
    </p>
   </div>
   <div class='ocr_carea' id='block_1_7' title="bbox 194 3460 1373 4499">
    <p class='ocr_par' dir='ltr' id='par_1_7' title="bbox 271 3460 1303 3530">
     <span class='ocr_line' id='line_1_29' title="bbox 271 3460 1303 3530; baseline 0.002 -16"><span class='ocrx_word' id='word_1_264' title='bbox 271 3463 296 3526; x_wconf 78' lang='lat'>1)</span> <span class='ocrx_word' id='word_1_265' title='bbox 316 3463 406 3529; x_wconf 87' lang='grc' dir='ltr'>ιῦεπερ</span> <span class='ocrx_word' id='word_1_266' title='bbox 426 3460 521 3516; x_wconf 83' lang='lat' dir='ltr'>omisit</span> <span class='ocrx_word' id='word_1_267' title='bbox 538 3460 620 3528; x_wconf 83' lang='lat' dir='ltr'>Aub.‚</span> <span class='ocrx_word' id='word_1_268' title='bbox 639 3461 752 3516; x_wconf 77' lang='lat' dir='ltr'>exhibet</span> <span class='ocrx_word' id='word_1_269' title='bbox 770 3461 855 3516; x_wconf 83' lang='lat' dir='ltr'>Marc.</span> <span class='ocrx_word' id='word_1_270' title='bbox 876 3467 935 3515; x_wconf 74' lang='lat'><strong>123.</strong></span> <span class='ocrx_word' id='word_1_271' title='bbox 957 3461 1186 3530; x_wconf 83' lang='lat' dir='ltr'>‘quodammodo’</span> <span class='ocrx_word' id='word_1_272' title='bbox 1209 3460 1303 3516; x_wconf 88' lang='lat' dir='ltr'>Oceoi.</span> 
     </span>
    </p>

    <p class='ocr_par' dir='ltr' id='par_1_8' title="bbox 198 3549 1350 3782">
     <span class='ocr_line' id='line_1_30' title="bbox 273 3549 1350 3620; baseline 0 -16"><span class='ocrx_word' id='word_1_273' title='bbox 273 3552 300 3616; x_wconf 82' lang='lat'>2)</span> <span class='ocrx_word' id='word_1_274' title='bbox 320 3549 380 3615; x_wconf 86' lang='lat' dir='ltr'>Quo</span> <span class='ocrx_word' id='word_1_275' title='bbox 400 3551 428 3605; x_wconf 92' lang='lat' dir='ltr'>in</span> <span class='ocrx_word' id='word_1_276' title='bbox 446 3550 605 3620; x_wconf 79' lang='lat' dir='ltr'>fragmento</span> <span class='ocrx_word' id='word_1_277' title='bbox 626 3551 710 3606; x_wconf 86' lang='lat' dir='ltr'>verba</span> <span class='ocrx_word' id='word_1_278' title='bbox 729 3554 774 3604; x_wconf 87' lang='grc' dir='ltr'>καί</span> <span class='ocrx_word' id='word_1_279' title='bbox 788 3552 849 3617; x_wconf 84' lang='grc' dir='ltr'>οῦχλ</span> <span class='ocrx_word' id='word_1_280' title='bbox 864 3556 950 3606; x_wconf 90' lang='grc' dir='ltr'>τοῦτο</span> <span class='ocrx_word' id='word_1_281' title='bbox 970 3552 1064 3618; x_wconf 85' lang='grc' dir='ltr'>μόνον,</span> <span class='ocrx_word' id='word_1_282' title='bbox 1083 3552 1152 3604; x_wconf 86' lang='grc' dir='ltr'>ἀλλὰ</span> <span class='ocrx_word' id='word_1_283' title='bbox 1167 3553 1211 3606; x_wconf 86' lang='grc' dir='ltr'>καὶ</span> <span class='ocrx_word' id='word_1_284' title='bbox 1226 3551 1350 3619; x_wconf 81' lang='grc' dir='ltr'>ἐπιφέρει</span> 
     </span>
     <span class='ocr_line' id='line_1_31' title="bbox 198 3639 1349 3715; baseline 0.001 -21"><span class='ocrx_word' id='word_1_285' title='bbox 198 3641 283 3694; x_wconf 85' lang='grc' dir='ltr'>πάλιν</span> <span class='ocrx_word' id='word_1_286' title='bbox 302 3639 345 3694; x_wconf 83' lang='lat' dir='ltr'>oic</span> <span class='ocrx_word' id='word_1_287' title='bbox 364 3641 420 3708; x_wconf 84' lang='grc' dir='ltr'>ἔφη</span> <span class='ocrx_word' id='word_1_288' title='bbox 447 3639 545 3709; x_wconf 83' lang='lat' dir='ltr'>Cyriili</span> <span class='ocrx_word' id='word_1_289' title='bbox 568 3655 642 3708; x_wconf 82' lang='lat' dir='ltr'>esse,</span> <span class='ocrx_word' id='word_1_290' title='bbox 666 3657 721 3694; x_wconf 89' lang='lat' dir='ltr'>non</span> <span class='ocrx_word' id='word_1_291' title='bbox 741 3640 841 3695; x_wconf 83' lang='lat' dir='ltr'>iuliani</span> <span class='ocrx_word' id='word_1_292' title='bbox 865 3639 1118 3715; x_wconf 16' lang='lat' dir='ltr'>neminemtadhuc</span> <span class='ocrx_word' id='word_1_293' title='bbox 1141 3639 1243 3694; x_wconf 79' lang='lat' dir='ltr'>vidisse</span> <span class='ocrx_word' id='word_1_294' title='bbox 1267 3641 1349 3695; x_wconf 86' lang='lat' dir='ltr'>valde</span> 
     </span>
     <span class='ocr_line' id='line_1_32' title="bbox 198 3744 310 3782; baseline 0.009 -1"><span class='ocrx_word' id='word_1_295' title='bbox 198 3744 310 3782; x_wconf 79' lang='lat' dir='ltr'>mltum.</span> 
     </span>
    </p>

    <p class='ocr_par' dir='ltr' id='par_1_9' title="bbox 197 3815 1349 3977">
     <span class='ocr_line' id='line_1_33' title="bbox 273 3815 1349 3887; baseline 0.003 -16"><span class='ocrx_word' id='word_1_296' title='bbox 273 3819 302 3885; x_wconf 88' lang='lat'>3)</span> <span class='ocrx_word' id='word_1_297' title='bbox 321 3816 437 3872; x_wconf 78' lang='lat' dir='ltr'>Secutus</span> <span class='ocrx_word' id='word_1_298' title='bbox 452 3835 513 3871; x_wconf 90' lang='lat' dir='ltr'>sum</span> <span class='ocrx_word' id='word_1_299' title='bbox 528 3817 694 3887; x_wconf 78' lang='lat' dir='ltr'>scripturam</span> <span class='ocrx_word' id='word_1_300' title='bbox 705 3817 808 3872; x_wconf 87' lang='lat' dir='ltr'>codicis</span> <span class='ocrx_word' id='word_1_301' title='bbox 818 3815 973 3874; x_wconf 84' lang='lat' dir='ltr'>Florentini</span> <span class='ocrx_word' id='word_1_302' title='bbox 987 3817 1102 3873; x_wconf 79' lang='lat' dir='ltr'>alterius</span> <span class='ocrx_word' id='word_1_303' title='bbox 1114 3835 1186 3874; x_wconf 84' lang='lat' dir='ltr'>saec.</span> <span class='ocrx_word' id='word_1_304' title='bbox 1197 3818 1239 3886; x_wconf 78' lang='lat' dir='ltr'>tt,</span> <span class='ocrx_word' id='word_1_305' title='bbox 1253 3818 1349 3874; x_wconf 80' lang='lat' dir='ltr'>littera</span> 
     </span>
     <span class='ocr_line' id='line_1_34' title="bbox 197 3905 560 3977; baseline 0.006 -17"><span class='ocrx_word' id='word_1_306' title='bbox 197 3907 229 3960; x_wconf 88' lang='lat' dir='ltr'>M</span> <span class='ocrx_word' id='word_1_307' title='bbox 249 3907 285 3961; x_wconf 86' lang='lat' dir='ltr'>ab</span> <span class='ocrx_word' id='word_1_308' title='bbox 303 3905 429 3975; x_wconf 82' lang='lat' dir='ltr'>Husseyo</span> <span class='ocrx_word' id='word_1_309' title='bbox 447 3905 560 3977; x_wconf 79' lang='lat' dir='ltr'>signati.</span> 
     </span>
    </p>

    <p class='ocr_par' dir='ltr' id='par_1_10' title="bbox 197 3995 1348 4151">
     <span class='ocr_line' id='line_1_35' title="bbox 272 3995 1348 4066; baseline 0.004 -18"><span class='ocrx_word' id='word_1_310' title='bbox 272 3999 300 4064; x_wconf 81' lang='lat' dir='ltr'>t)</span> <span class='ocrx_word' id='word_1_311' title='bbox 319 3999 364 4049; x_wconf 81' lang='grc' dir='ltr'>καί</span> <span class='ocrx_word' id='word_1_312' title='bbox 382 3995 485 4063; x_wconf 76' lang='lat' dir='ltr'>adieci3</span> <span class='ocrx_word' id='word_1_313' title='bbox 510 3995 625 4052; x_wconf 82' lang='lat' dir='ltr'>fortasse</span> <span class='ocrx_word' id='word_1_314' title='bbox 644 4014 700 4052; x_wconf 89' lang='lat' dir='ltr'>non</span> <span class='ocrx_word' id='word_1_315' title='bbox 719 3999 763 4051; x_wconf 90' lang='grc' dir='ltr'>καλ</span> <span class='ocrx_word' id='word_1_316' title='bbox 782 3999 847 4066; x_wconf 86' lang='lat' dir='ltr'>post</span> <span class='ocrx_word' id='word_1_317' title='bbox 865 4001 944 4065; x_wconf 90' lang='grc' dir='ltr'>θεοῦ,</span> <span class='ocrx_word' id='word_1_318' title='bbox 969 3997 1018 4052; x_wconf 84' lang='lat' dir='ltr'>sed</span> <span class='ocrx_word' id='word_1_319' title='bbox 1037 4014 1068 4052; x_wconf 88' lang='grc' dir='ltr'>τε</span> <span class='ocrx_word' id='word_1_320' title='bbox 1086 3998 1152 4066; x_wconf 84' lang='lat' dir='ltr'>post</span> <span class='ocrx_word' id='word_1_321' title='bbox 1169 3998 1348 4066; x_wconf 86' lang='grc' dir='ltr'>ἀνθρωπικώ-</span> 
     </span>
     <span class='ocr_line' id='line_1_36' title="bbox 197 4083 487 4151; baseline 0.014 -13"><span class='ocrx_word' id='word_1_322' title='bbox 197 4100 283 4151; x_wconf 89' lang='grc' dir='ltr'>τερον</span> <span class='ocrx_word' id='word_1_323' title='bbox 301 4083 487 4142; x_wconf 85' lang='lat' dir='ltr'>inserendum.</span> 
     </span>
    </p>

    <p class='ocr_par' dir='ltr' id='par_1_11' title="bbox 272 4173 770 4245">
     <span class='ocr_line' id='line_1_37' title="bbox 272 4173 770 4245; baseline 0.008 -18"><span class='ocrx_word' id='word_1_324' title='bbox 272 4175 300 4242; x_wconf 80' lang='lat' dir='ltr'>d)</span> <span class='ocrx_word' id='word_1_325' title='bbox 319 4173 436 4229; x_wconf 85' lang='lat' dir='ltr'>Comma</span> <span class='ocrx_word' id='word_1_326' title='bbox 453 4177 519 4245; x_wconf 79' lang='lat' dir='ltr'>post</span> <span class='ocrx_word' id='word_1_327' title='bbox 537 4177 652 4230; x_wconf 88' lang='grc' dir='ltr'>ἕκαετον</span> <span class='ocrx_word' id='word_1_328' title='bbox 671 4175 770 4231; x_wconf 88' lang='lat' dir='ltr'>delevi.</span> 
     </span>
    </p>

    <p class='ocr_par' dir='ltr' id='par_1_12' title="bbox 194 4261 1373 4499">
     <span class='ocr_line' id='line_1_38' title="bbox 272 4261 1348 4333; baseline 0.002 -16"><span class='ocrx_word' id='word_1_329' title='bbox 272 4264 299 4331; x_wconf 87' lang='grc'>6)</span> <span class='ocrx_word' id='word_1_330' title='bbox 319 4264 363 4317; x_wconf 80' lang='lat' dir='ltr'>Ita</span> <span class='ocrx_word' id='word_1_331' title='bbox 380 4263 417 4318; x_wconf 88' lang='lat' dir='ltr'>M.</span> <span class='ocrx_word' id='word_1_332' title='bbox 437 4264 579 4333; x_wconf 83' lang='lat' dir='ltr'>Husseyus</span> <span class='ocrx_word' id='word_1_333' title='bbox 602 4263 673 4318; x_wconf 87' lang='lat' dir='ltr'>alios</span> <span class='ocrx_word' id='word_1_334' title='bbox 692 4263 802 4319; x_wconf 84' lang='lat' dir='ltr'>codices</span> <span class='ocrx_word' id='word_1_335' title='bbox 821 4267 945 4330; x_wconf 79' lang='lat' dir='ltr'>secutus,</span> <span class='ocrx_word' id='word_1_336' title='bbox 969 4262 1069 4332; x_wconf 87' lang='lat' dir='ltr'>quibus</span> <span class='ocrx_word' id='word_1_337' title='bbox 1089 4261 1261 4332; x_wconf 79' lang='lat' dir='ltr'>adiungendi</span> <span class='ocrx_word' id='word_1_338' title='bbox 1284 4267 1348 4319; x_wconf 79' lang='lat' dir='ltr'>sunt</span> 
     </span>
     <span class='ocr_line' id='line_1_39' title="bbox 197 4346 1373 4432; baseline 0 -26"><span class='ocrx_word' id='word_1_339' title='bbox 197 4352 337 4407; x_wconf 82' lang='lat' dir='ltr'>Marciani</span> <span class='ocrx_word' id='word_1_340' title='bbox 356 4357 407 4406; x_wconf 78' lang='lat'>3³9</span> <span class='ocrx_word' id='word_1_341' title='bbox 431 4368 502 4407; x_wconf 84' lang='lat' dir='ltr'>saec.</span> <span class='ocrx_word' id='word_1_342' title='bbox 521 4352 593 4408; x_wconf 88' lang='lat' dir='ltr'>XIV.</span> <span class='ocrx_word' id='word_1_343' title='bbox 614 4354 712 4407; x_wconf 76' lang='lat' dir='ltr'>otest</span> <span class='ocrx_word' id='word_1_344' title='bbox 733 4369 803 4408; x_wconf 84' lang='lat' dir='ltr'>saec.</span> <span class='ocrx_word' id='word_1_345' title='bbox 822 4352 882 4408; x_wconf 88' lang='lat' dir='ltr'>XV.</span> <span class='ocrx_word' id='word_1_346' title='bbox 902 4369 919 4408; x_wconf 85' lang='lat' dir='ltr'>a</span> <span class='ocrx_word' id='word_1_347' title='bbox 936 4367 981 4406; x_wconf 87' lang='lat' dir='ltr'>ma</span> <span class='ocrx_word' id='word_1_348' title='bbox 999 4346 1132 4422; x_wconf 81' lang='lat' dir='ltr'>inspecti,</span> <span class='ocrx_word' id='word_1_349' title='bbox 1156 4350 1269 4422; x_wconf 82' lang='lat' dir='ltr'>scripsit</span> <span class='ocrx_word' id='word_1_350' title='bbox 1286 4355 1373 4432; x_wconf 52' lang='lat' dir='ltr'>napi⁸</span> 
     </span>
     <span class='ocr_line' id='line_1_40' title="bbox 194 4443 295 4499; baseline -0.03 0"><span class='ocrx_word' id='word_1_351' title='bbox 194 4443 295 4499; x_wconf 82' lang='grc' dir='ltr'>αὐτοῦ.</span> 
     </span>
    </p>
   </div>
   <div class='ocr_carea' id='block_1_8' title="bbox 0 0 1600 4906">
    <p class='ocr_par' dir='ltr' id='par_1_13' title="bbox 0 0 1600 4906">
     <span class='ocr_line' id='line_1_41' title="bbox 0 0 1600 4906; baseline 0 1"><span class='ocrx_word' id='word_1_352' title='bbox 0 0 1600 4906; x_wconf 95' lang='lat' dir='ltr'> </span> 
     </span>
    </p>
   </div>
  </div>
 </body>
</html>
