3194 4904
606 333 647 386 De
666 331 769 386 iuliani
787 332 922 388 librorum
941 332 1015 388 letis.
1338 330 1381 395 29

231 497 409 559 Theodoreti
443 489 570 577 epistula
597 493 756 560 Lxxxssi.'
787 499 822 560 ed
851 498 1025 559 Dioscorum
1056 497 1285 558 Alexandrinum
1315 497 1382 557 data

229 597 313 686 (edit.
338 603 529 666 Sohulzianae
548 604 585 664 lV
606 603 692 666 1146
707 599 781 689 sq.),
804 609 835 667 in
859 623 916 684 qua
939 605 1012 666 haec
1036 607 1241 666 inveniuntur:
1265 603 1298 666 tr
1323 602 1380 679 μὲν

229 708 290 786 γὰρ
319 707 374 787 ἔτη
403 709 564 772 διετέλεςα
593 708 750 774 διδάςιιων
780 710 833 774 ἐπὶ
863 713 921 773 τοῦ
949 714 1005 788 τῆς
1033 708 1185 787 μακαρίας
1213 709 1264 771 καὶ
1293 707 1381 770 δςίας

229 816 350 894 μνήμης
375 811 573 902 Θεοδότουῑ)
596 815 787 894 Ἀντιοχέων
810 815 982 880 ἐπιςκόπου
1005 851 1043 860 -
1069 814 1265 894 τριςκαίδεκα
1284 814 1381 878 πάλιν

230 923 324 1001 έτερα
348 923 400 986 ἐπὶ
418 927 477 986 τοῦ
501 923 655 1002 μακαρίου
674 920 857 1010 Ἰωάννουῆ
878 960 919 969 -
944 925 1024 1002 πρὸς
1043 924 1078 987 δὲ
1097 923 1223 987 τούτοις
1243 921 1381 1002 ἕβδομόν

229 1025 313 1094 έςτιν
332 1028 404 1093 έτος
423 1034 481 1094 τοῦ
500 1030 751 1109 θεοφιλεττάτου
770 1029 1019 1110 ἀρχιεττιςκόπου
1038 1028 1182 1108 Δόμνοο.
1217 1031 1267 1093 καὶ
1291 1031 1380 1108 μέχρι

229 1141 285 1215 τῆς
309 1139 445 1216 τήμερον
463 1137 581 1215 ἡμέρας
604 1138 759 1202 τοςούτοο
781 1137 1000 1216 παρελθόντος
1024 1135 1144 1215 χρόνου
1164 1135 1225 1200 κτὲ.
1265 1139 1381 1219 Scripta

164 1265 166 1271 ·
230 1253 329 1306 autem
358 1249 397 1307 sit
427 1265 549 1307 necesse
579 1256 625 1308 est
653 1257 720 1308 ante
749 1247 895 1327 synodum
923 1245 1276 1325 Constantinopolitanam
1308 1263 1381 1326 eam,

232 1371 307 1431 quae
335 1355 455 1414 initium
483 1357 562 1433 cepit
585 1373 609 1414 a.
634 1354 660 1415 d.
685 1352 729 1414 vi.
753 1353 794 1416 ld.
818 1353 889 1414 Νον.
913 1373 937 1415 a.
961 1351 1036 1415 448.
1077 1353 1151 1413 Nam
1174 1356 1200 1412 si
1223 1356 1291 1433 quis
1313 1373 1380 1432 per·

231 1459 337 1538 legerit
360 1460 525 1544 epistulam,
551 1462 660 1522 infitias
684 1480 742 1522 uon
766 1460 821 1521 ibit
843 1462 908 1522 lieri
932 1479 990 1521 non
1014 1462 1157 1541 potuisse,
1180 1463 1252 1540 quin
1277 1461 1380 1542 synodi
1411 1527 1415 1535 ,

232 1569 412 1629 mentionem
440 1572 471 1629 iu
499 1587 534 1630 ea
561 1569 673 1630 laceret
700 1567 920 1648 'l'heodoretus‚
948 1570 973 1628 si
1001 1570 1077 1629 lacta
1105 1577 1177 1629 tunc
1205 1570 1263 1629 iam
1292 1576 1379 1650 esset,

231 1692 329 1752 neque
353 1677 477 1753 cogitari
500 1685 598 1755 potest
626 1684 729 1755 postea
751 1685 826 1735 'eum
849 1675 984 1734 Dioseori
1007 1677 1138 1735 animum
1163 1674 1220 1735 sibi
1243 1677 1379 1736 offensio-

231 1798 296 1840 rem
328 1780 501 1860 recolligere
530 1781 689 1843 studuisse.
718 1815 760 1825 -
793 1782 896 1861 Neque
929 1800 999 1842 vero
1033 1800 1068 1841 er
1096 1780 1180 1841 Marii
1208 1780 1380 1843 Mercatoris

232 1887 358 1966 epistula
382 1887 580 1950 aFritzsohio
604 1888 688 1948 allata
711 1897 810 1968 potest
828 1887 966 1949 concludi
990 1896 1141 1948 mortuum
1160 1907 1225 1958 esse
1245 1888 1378 1950 Theodo-

201 2068 203 2072 ι
230 2003 294 2055 tum
309 1995 526 2056 Antiochenam
545 1998 570 2056 si
589 1997 687 2056 minus
706 1995 761 2057 sub
781 1997 862 2056 exitu
882 1992 995 2075 alte,
1015 2003 1044 2055 at
1063 2003 1144 2083 certe
1163 1997 1246 2056 initio
1266 2015 1290 2056 a.
1305 1993 1378 2057 429.

233 2100 290 2162 Ubi
314 2120 384 2162 sene
403 2102 567 2183 appellatur
585 2103 757 2164 Theodotus
781 2097 865 2183 (bibl.
885 2111 953 2164 vett.
977 2110 1052 2182 patr.
1072 2120 1143 2162 cura
1163 2101 1305 2164 Gallandii
1324 2103 1379 2164 vol.

231 2209 296 2269 Vlll
323 2230 350 2290 p.
374 2208 440 2273 650
454 2207 494 2294 ll)
527 2220 645 2271 sanctae
673 2213 832 2272 memoriae
856 2212 1034 2290 vepiscopus3
1067 2228 1162 2288 neque
1196 2228 1266 2270 vero
1299 2213 1380 2290 quie·

232 2329 319 2394 quam
342 2318 409 2378 inde
434 2317 531 2396 colligi
549 2302 656 2397 potestx
671 2319 728 2378 uisi
752 2317 843 2378 luisse
863 2326 934 2379 tunc
953 2317 1099 2379 Theodoti
1118 2319 1222 2378 mortis
1242 2321 1379 2379 nuntium

232 2441 290 2483 noo
319 2425 566 2486 recentissimum.
603 2424 706 2504 Neque
735 2443 805 2484 vero
833 2426 992 2503 quicquam
1021 2431 1137 2485 constat
1166 2418 1218 2506 (el.
1247 2425 1379 2487 eiusdem

232 2533 329 2610 operis
353 2550 380 2610 p.
405 2529 469 2593 648
485 2525 521 2615 C)
549 2532 585 2592 de
609 2531 694 2591 llarii
716 2531 889 2592 Mercatoris
913 2532 1132 2591 commonitorii
1160 2540 1293 2611 tempore
1322 2534 1380 2592 nisi

231 2639 375 2717 scriptum
398 2658 470 2722 esse
493 2639 645 2699 Florentio
676 2647 705 2699 et
729 2637 869 2719 Dionysio
893 2657 982 2718 coss,
1011 2640 1062 2717 qui
1090 2640 1222 2698 inierunt
1246 2639 1380 2700 consula·

231 2752 294 2805 tum
318 2743 379 2805 llal.
403 2745 463 2806 lan.
487 2764 511 2806 a.
534 2742 616 2826 4293
645 2765 679 2806 eo
708 2747 859 2825 igiturne
882 2744 1077 2825 prohibemur
1101 2745 1220 2824 quidem
1249 2754 1380 2807 statuere

232 2861 383 2914 mortuum
406 2871 471 2914 esse
490 2852 676 2913 Theodotum
695 2853 790 2932 pridie
808 2851 870 2913 Kal.
890 2852 954 2914 Oet.
973 2871 998 2912 a,
1013 2849 1087 2912 429.
1115 2851 1291 2914 Theodorus
1309 2872 1380 2914 vero

232 2958 459 3038 Mopsuestenus
483 2967 550 3020 ante
574 2957 761 3021 Theodotum
789 2961 866 3020 diem
893 2978 1065 3039 supremum
1090 2959 1163 3020 obiit
1186 2967 1261 3020 teste
1285 2959 1380 3019 Theo·

233 3059 360 3126 ecreto(
383 3064 440 3136 Qui
465 3066 582 3144 quidem
608 3067 634 3126 h.
659 3085 683 3127 e.
710 3066 733 3126 V
755 3064 800 3128 40
822 3086 850 3146 p.
874 3063 939 3127 494
963 3061 1034 3127 κατ’
1059 3064 1183 3128 ἐκεῖνον
1207 3065 1251 3141 δὲ,
1275 3067 1380 3146 iuquit,

231 3169 290 3233 τὸν
313 3168 446 3248 χρόνον,
469 3169 543 3235 καθ’
566 3170 605 3234 ὃν
628 3169 647 3233 ὁ
675 3174 762 3234 θεῖος
786 3169 947 3235 Θεόδοτος
976 3171 1034 3248 τήν
1058 3167 1380 3248 Ἀντιοχέωνῖθονεν

233 3275 409 3355 ἐκκληςίαν,
434 3275 605 3355 Θεόδωρος
628 3276 647 3339 ὁ
671 3270 895 3355 Μοψουεςτίας
919 3275 1102 3356 έπίςκοπος,
1126 3275 1226 3354 πάςης
1250 3277 1307 3354 μὲν
1331 3276 1379 3340 ἐκ·

233 3375 358 3461 κληςίας
382 3382 570 3447 διδάςκαλος
592 3384 672 3447 κατὰ
691 3383 791 3462 πάςης
815 3385 850 3446 δὲ
870 3382 1040 3462 φάλαγγος
1059 3382 1216 3463 αἱρετικῆς
1239 3383 1379 3463 ἀριςτεύ-

210 3509 296 3568 -ςας,
319 3494 378 3553 τοῦ
402 3489 471 3570 βίου
494 3491 532 3554 τὸ
555 3492 648 3554 τέλος
672 3492 811 3556 ἐδέξατο.
850 3493 965 3566 Quibus
989 3513 1005 3554 e
1037 3493 1134 3554 verbis
1161 3494 1267 3572 procul
1290 3493 1380 3555 dubio

233 3599 421 3660 efficiendum
454 3609 500 3660 est
532 3599 609 3660 haud
644 3602 683 3659 ita
716 3599 805 3661 breve
839 3601 930 3662 luisse
964 3609 1082 3680 tempus
1114 3603 1192 3662 inter
1225 3620 1381 3682 supremos

233 3704 381 3765 'l'heodori
404 3714 435 3766 et
457 3704 604 3767 Theodoti
627 3707 698 3767 dies.
736 3707 818 3778 Quae
842 3726 910 3768 cum
934 3710 974 3769 ita
998 3710 1066 3790 siut,
1088 3709 1119 3768 id
1143 3716 1225 3768 certe
1249 3715 1380 3768 statuere

233 3831 392 3892 possumus
416 3832 475 3874 non
498 3815 529 3874 in
553 3821 685 3875 extrema
708 3824 792 3894 perte
816 3817 886 3876 anni
909 3817 1063 3876 centesimi
1092 3817 1189 3895 quinti
1211 3814 1380 3876 Theodore-

306 4023 332 4088 1)
351 4019 455 4075 Vocem
473 4025 524 4088 της
541 4023 605 4090 post
621 4021 762 4076 Θεοδότου
781 4037 799 4075 ιι
818 4019 965 4076 Sismondo
984 4022 1123 4077 adiectam
1143 4021 1221 4078 eieci.

304 4111 332 4178 2)
353 4109 434 4180 Vulg.
459 4110 503 4164 ἐπὶ
520 4115 572 4164 τοθ
595 4115 647 4178 τῆς
665 4110 740 4165 δςίας
763 4113 807 4165 καὶ
830 4111 964 4178 μακαρίας
982 4113 1090 4180 μνήμης
1109 4113 1237 4168 Ἰωάννου
1255 4112 1339 4166 τοῦέ
1371 4142 1381 4150 -

234 4199 345 4254 croceo.
383 4198 488 4268 Recepi
507 4199 610 4254 codicis
630 4199 819 4255 sirmondieni
842 4200 1021 4270 scripturam,
1045 4199 1123 4254 cuiue
1146 4199 1234 4255 etiem
1257 4217 1380 4268 eaquae

235 4291 390 4358 sequuntur
404 4288 489 4343 verba
504 4289 535 4342 ὃς
547 4294 683 4344 τοςοδτον
697 4289 800 4344 ἰαίνετο
815 4291 869 4344 ὑπὸ
885 4290 1088 4356 διαλεγομένων
1102 4291 1182 4356 ἡμῶν
1197 4287 1381 4359 praeferende

169 4391 183 4401 “
235 4393 293 4432 esse
316 4379 453 4447 appareat
475 4376 607 4446 vulgatae
631 4376 785 4446 scripturae
808 4379 839 4432 ὃς
860 4382 996 4433 τοςοῠτον
1019 4377 1155 4442 ἐγάννντο
1174 4378 1234 4448 (eie)
1259 4380 1380 4442 διαλεγο-

235 4467 325 4532 μένων
343 4470 431 4534 ἡμῶν.
