3182 4914
454 339 460 350 .
523 295 622 347 κατι
639 295 861 368 mamma
878 296 1003 348 Λοτοο
1023 297 1054 350 κ
1294 293 1358 358 207

215 459 390 544 μιμητικός,
414 457 487 524 οἷον
511 456 850 539 ἀγαλματοποιητικῆν,
874 461 1042 540 γραφικὴν,
1067 455 1129 542 <ῆ>
1148 457 1360 539 οἰκονομικὴν,

214 565 356 645 ἰατρικὴν
378 567 437 644 τῆν
460 566 494 632 ἐξ
517 563 718 644 Ἀςκληπιοὺ,
747 563 786 629 οὑ
810 570 978 644 πανταχοῦ
1005 569 1063 644 γῆς
1091 565 1155 630 ἐςτι
1183 567 1360 646 χρηςτήρια,

213 671 233 734 δ
258 672 385 737 δίδωςιν
412 673 487 752 ἡμῖν
511 671 530 736 δ
553 673 627 737 θεὸς
656 671 910 752 μεταλαγχάνειν
932 675 1093 752 διηνεκῶς
1130 673 1186 753 ἐμὲ
1209 677 1291 752 γοὺν
1313 673 1359 738 ἰό-

213 800 289 844 ςατο
314 778 468 844 πολλάκις
492 777 680 859 Ἀςκληπιός
696 778 859 859 κάμνοντα
876 779 1099 859 ὑπαγορεόςας
1121 779 1286 860 φάρμακα·
1309 781 1360 845 καὶ

102 886 201 950 2351)
216 887 342 951 τούτων
360 885 478 966 μάρτυς
497 887 561 950 ἐςτὶ
580 891 586 967 Ι
606 887 696 952 Ζεὺς.
734 887 762 952 εἰ
780 887 890 952 τοίνυν
908 887 941 952 οί
958 876 1205 968 προςνείμαντες
1223 886 1390 955 ἑαυτοὺςό

164 1061 168 1070 ,
210 999 257 1078 τῷ
285 999 341 1074 τῆς
369 993 562 1059 ἀποςταςίας
589 994 744 1073 πνεύματι
775 995 816 1057 τὰ
844 995 917 1074 περὶ
946 996 1054 1074 ψυχῆν
1082 992 1214 1074 ἄμεινον
1242 995 1360 1077 ἔχομεν

211 1103 359 1182 καὶπερὶ
386 1105 475 1181 ςῶμα
502 1101 616 1167 καὶτὰ
639 1101 742 1180 ἐκτὸς,
770 1101 858 1166 τίνος
881 1101 991 1168 ἕνεκεν
1019 1099 1157 1181 ἀφέντες
1180 1107 1281 1169 ταῦτα
1304 1103 1358 1170 ἐπ’

213 1209 322 1274 ἐκεῖνα
347 1207 529 1289 βαδίζετε;1

105 1313 202 1380 2381
302 1313 388 1381 Ἀνθ’
408 1313 485 1380 ὅτου
507 1315 585 1398 <δέ>
605 1316 683 1394 μηδὲ
702 1320 770 1380 τοῖς
789 1315 966 1396 Ἑβραϊκοῖς
985 1315 1094 1393 λόγοις
1113 1317 1263 1397 ἐμμένετε
1283 1321 1359 1398 μήτε

107 1421 358 1499 238Βάγαπᾶτε
380 1423 439 1486 τὸν
459 1422 573 1501 νόμον,
598 1423 637 1487 δν
656 1424 797 1488 δέδωκεν
821 1420 839 1487 δ
859 1423 933 1488 θεὸς
953 1420 957 1508 Ι
978 1423 1119 1503 ἐκείνοις,
1144 1424 1404 1492 ἀπολιπόντεειο

214 1531 249 1592 δέ
278 1529 318 1593 τὰ
345 1528 462 1608 πάτρια
490 1529 542 1592 καὶ
570 1527 683 1594 δόντες
712 1529 847 1593 ἐαυτοθς
875 1528 924 1594 οἷς
951 1531 1107 1610 ἐκήρυξαν
1129 1531 1160 1594 οἱ
1187 1536 1359 1612 προφῆται,

210 1637 312 1701 πλέον
335 1635 467 1700 ἐκείνων
495 1637 514 1714 ῆ
538 1638 604 1700 τῶν
633 1633 713 1714 παρ’
735 1637 810 1715 ἡμῖν
833 1635 1001 1716 ἀπέςτητε;
1031 1639 1068 1701 τὸ
1096 1638 1158 1716 γὰρ
1175 1623 1303 1717 ’ἀληθὲς
1331 1637 1360 1702 εἴ

210 1762 256 1806 τις
279 1742 360 1821 ὑπὲρ
383 1742 472 1822 ὑμῶν
495 1743 602 1807 ἐθέλοι
626 1747 769 1822 ςκοπεῑν,
800 1743 925 1822 εὑρήςει
948 1745 1007 1822 τῆν
1030 1743 1186 1824 ὑμετέραν
1214 1743 1360 1825 ἀςέβειαν

211 1849 245 1914 ἐκ
268 1870 303 1915 τε
330 1855 386 1928 τῆς
410 1847 579 1929 Ἰουδαϊκῆς
608 1848 726 1928 τόλμης
754 1849 804 1914 καί
831 1854 887 1929 τῆς
910 1851 998 1929 παρὰ
1026 1856 1095 1915 τοῖς
1119 1851 1240 1917 ἐθνεςιν
1268 1851 1357 1916 ἀδια-

211 1955 326 2036 φορίας
354 1957 405 2019 καὶ
433 1955 642 2036 χυδαιότητος
671 1958 883 2036 ςυγκειμένην.
923 1958 956 2022 ἐξ
986 1956 1108 2038 ἀμφοῖν
1135 1958 1196 2036 γὰρ
1225 1957 1294 2022 οὔτι
1317 1960 1354 2023 τὸ
1370 1977 1402 2026 15

211 2063 390 2141 κάλλιςτον,
419 2061 502 2128 ἀλλὰ
525 2065 563 2128 τὸ
584 2068 702 2142 χεῖρον
731 2063 918 2128 ἐλκόςαντες
948 2065 1102 2143 παρυφὴν
1125 2067 1231 2129 κακῶν
1255 2065 1358 2144 εἰργά-

212 2177 311 2235 ςαςθε.
348 2175 417 2234 τοϊς
446 2171 503 2249 μὲν
533 2171 594 2249 γὰρ
617 2170 772 2251 Ἑβραῖοι(
802 2168 912 2250 ἀκριβῆ
940 2171 980 2234 τὰ
1009 2173 1081 2250 περὶ
1104 2171 1269 2252 θρηςκείαν
1296 2173 1359 2236 ἐςτὶ

284 2344 523 2413 1ἢιιάίοοίιοιιι
543 2346 595 2399 ΜΟ
639 2347 643 2412 Ι
684 2351 862 2412 ὑπανταχοθ
885 2345 1040 2414 Αιιδοιίυογ
1064 2346 1098 2402 ai.
1116 2347 1224 2418 proleg.
1243 2365 1271 2417 p.
1292 2354 1356 2402 160:

212 2419 373 2484 ἁπανταχοῦ
393 2418 422 2470 Μ
459 2417 464 2486 ί
503 2415 562 2470 δεῖ
580 2416 676 2471 τοίνυν
696 2420 750 2471 κτὲ.
776 2417 849 2471 huna
871 2417 900 2472 in
919 2418 1032 2473 modum
1051 2417 1188 2487 pervertit
1205 2420 1240 2472 O:
1265 2418 1358 2488 Ιριδων

211 2505 280 2558 qaae
298 2488 409 2543 traditis
427 2504 476 2543 μοι
495 2489 649 2557 apostasiae
667 2487 801 2557 spiritaii
818 2491 880 2554 (aas
893 2489 918 2542 ά
931 2491 1005 2546 airaa
1025 2490 1145 2544 animam
1165 2491 1261 2545 melias
1278 2491 1357 2546 habe-

211 2576 272 2614 mas
290 2560 314 2613 (i
332 2560 406 2613 airaa
425 2575 524 2628 αοτρυο
542 2575 575 2613 aa
593 2565 719 2628 externa)
736 2561 760 2614 τά
778 2576 862 2629 qaara
880 2576 929 2614 aas
947 2562 1050 2618 relictis
1068 2562 1125 2615 illia
1144 2561 1181 2616 ad
1199 2563 1259 2616 alia
1276 2563 1358 2616 uadi·

212 2630 267 2685 tia?
300 2632 305 2702 Ι
339 2629 514 2685 θίουλιανοθ
530 2633 558 2685 Μ
572 2649 621 2700 mg
638 2631 807 2686 ΙαίίυηυεΟ
837 2632 841 2702 Ι
876 2633 906 2685 δέ
925 2632 1027 2688 adieci:
1047 2649 1091 2686 om
1107 2634 1159 2687 ΜΟ
1194 2634 1197 2702 ί
1232 2635 1301 2701 μηδὲ
1316 2636 1357 2688 Μ;

212 2702 336 2771 nequeo
371 2704 375 2768 Ι
410 2707 443 2756 10
462 2701 575 2756 ἐκείνοις
594 2704 636 2756 Μ;
656 2703 831 2757 Hebraeiso
865 2707 869 2772 1
905 2709 937 2757 16
956 2705 990 2757 τδ
1009 2710 1101 2773 χεῖρον
1120 2705 1161 2758 Μ;
1185 2705 1257 2773 quod
1272 2707 1357 2774 pesa·-

212 2774 326 2827 ηιααιΟ
360 2774 365 2842 Ι
399 2773 555 2841 εἰργάςαςθε
574 2775 615 2827 Μ;
635 2775 788 2842 operamini
806 2776 837 2829 Ο.

285 2940 299 2988 3
320 2935 477 3000 ἐμὲιγοθν
496 2933 614 2989 ίάςατο
633 2937 711 2991 κτὲ.;
736 2936 892 3001 τεθαύμακε
918 2936 949 2989 δέ
973 2935 1024 2988 τὸν
1050 2936 1210 3002 Ἀςκληπιδν
1234 2937 1273 2990 ῶς
1290 2937 1358 2990 ὑπα-

213 3008 396 3073 γορεόςαντα,
415 3007 486 3060 καθά
505 3023 588 3074 φηςιν
607 3007 703 3075 αὑτὸς,
724 3007 911 3074 άρρωςτοθντι
930 3007 1075 3074 φάρμακα,
1095 3007 1139 3058 καὶ
1157 3011 1243 3060 τοθτο
1257 3006 1358 3061 εἰδέναι

214 3079 280 3144 φηςί
297 3077 348 3131 τὸν
367 3076 433 3132 Δία’
458 3079 518 3130 εῑτα
540 3082 592 3131 τοθ
615 3079 694 3144 χάριν
717 3079 821 3144 μάρτυς
843 3081 908 3145 ἡμῖν
926 3077 1031 3144 ἰατρῶν
1048 3077 1213 3144 παρελήφθη
1233 3081 1278 3132 καί
1296 3080 1358 3144 οὐχί

214 3151 248 3215 δῆ
268 3152 372 3214 μᾶλλον
391 3149 474 3203 αὐτὸς
488 3148 562 3202 ίαται
579 3151 646 3202 τοὺς
659 3150 826 3215 κάμνοντας;
845 3152 862 3216 ἢ
881 3149 953 3214 τάχα
966 3165 1021 3202 που
1040 3151 1076 3215 μή
1096 3146 1176 3202 είδῶς
1189 3151 1242 3216 τῆν
1255 3147 1362 3217 τέχνην

213 3221 369 3285 τεθαὺμακε
388 3221 455 3285 μετά
473 3225 521 3274 ςοθ
539 3221 606 3274 τοὺς
623 3221 729 3288 ταύτης
746 3222 939 3288 ἐπιςτήμονας,
958 3221 1130 3286 ὑπηγόρευςε
1149 3221 1230 3273 δὲτὸ
1248 3222 1358 3288 φάρμα-

214 3307 264 3344 κον
283 3293 299 3344 ό
319 3291 477 3358 Ἀςκληπιδς
500 3293 622 3358 καθάπερ
645 3292 722 3358 οίμαί
744 3309 785 3346 τις
802 3297 861 3346 τῶν
880 3291 1043 3359 ἐπιδιφρίων
1063 3290 1179 3359 ίατρῶν;
1199 3296 1251 3345 237
1265 3293 1321 3345 Aa
1352 3293 1356 3364 ί

214 3369 230 3416 ό
250 3361 279 3415 εἰ
296 3361 415 3416 τοίνυν
433 3363 510 3416 κτὲ.;
537 3363 561 3416 εί
580 3363 642 3431 οὑν,
662 3366 758 3433 φηςίν,
786 3363 812 3417 οἱ
830 3363 1043 3431 προςνείμαντες
1060 3378 1148 3432 usqua
1166 3361 1203 3416 ad
1222 3362 1357 3428 βαδίζετε;

215 3432 305 3487 2371)
322 3439 337 3488 7
371 3437 375 3498 Ι
410 3441 425 3488 9
446 3434 528 3500 μηδὲ
545 3440 617 3488 τοῖς
636 3434 821 3503 Ἑβραϊκοῖς
838 3436 954 3500 λόγοις
972 3436 1051 3488 κτὲ.;
1076 3435 1131 3501 ἔφη
1156 3434 1277 3500 μὲνγὰρ
1300 3439 1358 3488 τῶν

215 3505 364 3572 Ἑβραϊκῶν
388 3508 460 3572 ἡμας
484 3506 669 3572 ἀποφοιτῆςαι
694 3507 786 3571 λόγων
811 3509 857 3560 καί
880 3507 1043 3574 ὀλιγωρῆςαι
1068 3510 1120 3558 τοθ
1145 3505 1243 3573 νόμου,
1269 3505 1358 3559 καίτοι

214 3577 346 3630 δοθέντος
363 3578 438 3644 παρὰ
457 3580 535 3644 θεοῦ,
559 3577 744 3645 προςῆκαςθαί
766 3593 798 3642 γε
822 3580 876 3644 μῆν
898 3579 934 3632 τὰ
957 3578 1002 3630 διά
1019 3581 1077 3630 τῶν
1096 3575 1184 3642 ἁγίων
1201 3583 1359 3644 προφητῶν

214 3648 376 3715 κηρύγματα
395 3653 446 3702 238
460 3647 483 3701 E
499 3653 531 3700 10
573 3653 577 3710 Ι
618 3650 674 3702 εἶθ’
697 3650 788 3703 οὕτως
810 3652 874 3716 ἡμῖν
897 3647 1046 3714 ἐγκαλείτω
1069 3650 1122 3714 τῆν
1144 3648 1291 3701 άπόςταςιν
1314 3652 1358 3702 καί

213 3721 247 3772 τὸ
261 3723 319 3772 τῶν
333 3719 416 3786 ἱερῶν
430 3719 615 3786 άποφοιτῆςαι
628 3721 724 3786 νόμων
737 3720 866 3775 ποιείςθω
880 3722 994 3788 γραφήν
1009 3725 1060 3773 239
1072 3721 1094 3772 Α
1106 3724 1122 3772 θ
1147 3720 1152 3786 1
1178 3725 1210 3772 13
1226 3720 1261 3772 εὑ
1266 3721 1358 3787 ρήςει

214 3793 275 3857 τὴν
293 3791 463 3858 ὑμετέραν
478 3791 632 3857 άςέβειαν
647 3794 724 3846 xri:
743 3793 902 3859 εὑρὴςομεν,
916 3794 990 3860 φηςί,
1004 3794 1057 3859 τήν
1069 3792 1140 3858 παρ’
1158 3792 1221 3856 ὑμίν
1236 3791 1359 3857 άςέβειαν

214 3862 245 3914 ἔκ
262 3877 294 3914 τε
311 3866 362 3929 τῆς
381 3863 529 3930 Ἰουδαϊκῆς
546 3864 650 3930 τόλμης
669 3865 713 3916 καὶ
731 3867 782 3930 τῆς
806 3863 962 3931 Ἑλληνικῆς
980 3864 1164 3929 χυδαιότητος
1181 3863 1359 3929 ςογκειμένην

215 3932 336 3986 139116
378 3934 382 4001 Ι
424 3934 512 3987 πόθεν
537 3935 614 4002 αὐτῷ
639 3935 760 4001 παρέςτη
785 3936 838 4000 τήν
866 3935 1034 4001 Χριςτιανῶν
1062 3933 1208 4000 θρηςκείον
1236 3934 1358 3999 άςέβειαν

214 4003 313 4072 εἰπεῖν,
337 4005 389 4057 οόιι
407 4005 462 4070 ἔχω
480 4010 570 4072 νοεῖν,
593 4007 612 4072 ῆ
631 4004 693 4058 τίνα
710 4005 816 4070 τρόπον
834 4007 912 4072 ἡμεῖς
929 4009 980 4072 τῆς
1003 4003 1142 4058 Ἰουδαίων
1159 4006 1263 4076 τόλμης
1280 4005 1359 4070 γεγό-

213 4091 300 4140 ναμεν
323 4078 444 4142 Ζηλωταὶ
468 4078 511 4129 καί
534 4080 585 4142 τῆς
608 4076 653 4144 (Ας
680 4081 740 4130 τοῖς
758 4076 798 4143 Μ)
824 4077 896 4141 παρ’
918 4076 1024 4143 Ἑλληςι
1046 4077 1231 4144 χυδαιότητος
1249 4075 1359 4141 ἐραςταί

215 4151 266 4200 239
283 4145 337 4199 Ε4
371 4148 376 4218 l
416 4152 449 4201 17
467 4153 539 4200 τοῖς
558 4147 695 4214 μὲνγὰρ
716 4145 878 4214 Ἑβραίοις
896 4149 973 4200 κτὲ.;
996 4150 1051 4214 ναί,
1070 4149 1167 4214 φηςίν·
1190 4149 1288 4214 ἀκριβῆ
1309 4148 1358 4212 μὲν

214 4219 267 4286 γάρ
294 4219 330 4271 τά
358 4219 432 4285 παρὰ
456 4224 515 4272 τοῖς
542 4217 673 4285 Ἑβραίοις
698 4219 753 4271 ἐςτί
778 4218 880 4284 νόμιμα
905 4221 950 4270 καί
975 4218 1143 4286 φυλάγματα
1168 4221 1212 4272 καί
1239 4220 1292 4284 μήν
1312 4220 1357 4271 καί

214 4287 369 4356 ἱερωτάτης
387 4289 505 4355 δεόμενα
524 4293 605 4356 ζωῆς.
633 4289 845 4358 άποφάςκοντος
868 4291 898 4343 δέ
919 4293 972 4342 τοθ
994 4290 1082 4356 νόμου
1106 4290 1139 4342 τὸ
1163 4293 1235 4343 θεοῖς
1254 4289 1359 4356 ἑτέροις

214 4367 376 4428 προςκυνείν
397 4364 470 4428 πλὴν
488 4360 529 4415 ἑνί
553 4376 584 4414 τε
608 4363 652 4414 καί
671 4362 761 4430 μόνῳ,
783 4360 976 4429 παρωςάμενοί
997 4363 1092 4414 τεκαὶ
1111 4361 1357 4414 διαπτὺςαντεςτδ

214 4435 312 4512 χρῆναι
337 4435 413 4498 βιοθν
436 4433 560 4499 ἐννόμως
583 4433 658 4498 ὑμεῖς
683 4433 769 4499 μόνον
791 4432 933 4500 ῆρπάςατε
955 4433 988 4486 τὸ
1011 4430 1129 4499 ὑβρίζειν
1151 4430 1297 4500 (ὑβρίνζειν
1316 4433 1357 4500 Μ)
