3194 4904
223 299 265 362 36
729 299 820 370 Caput
837 300 858 357 1.
940 359 942 362 Α

136 457 138 461 ’
223 484 280 545 que
304 468 523 546 conscripserat
554 465 700 526 volumina
725 473 828 526 contra
856 467 1067 545 imperatorem
1089 465 1236 527 lulianum
1260 474 1373 545 aposta·
1442 470 1443 475 ’

223 567 311 633 tam.“
347 572 450 651 Neque
474 582 573 633 tamen
596 572 685 633 huius
708 575 878 638 testimonio
903 575 957 633 niti
980 572 1059 633 licet.
1095 571 1192 634 Unum
1217 575 1297 634 enim
1321 573 1372 633 So·

222 686 334 739 cratem
362 678 419 739 hoc
448 679 512 739 loco
541 681 698 759 exscripsit
726 673 915 761 Liberatus1)
943 696 1041 757 neque
1069 678 1098 739 id
1127 681 1199 739 satis
1226 690 1373 740 accurate.

221 784 312 846 Multa
341 787 420 846 enim
449 785 618 865 Philippum
648 793 750 845 contra
779 784 924 846 lulianum
953 787 1109 865 scripsisse
1137 785 1285 846 volumina
1313 804 1372 847 non

222 898 339 970 poterat
362 891 481 952 efficere
512 910 548 952 ex
572 891 703 952 Socratis
726 891 825 952 verbis
848 891 876 950 h.
902 910 926 952 e.
951 891 1001 951 Vll
1024 888 1081 971 28,
1108 893 1166 952 nisi
1194 892 1373 972 neglexisset

221 1017 323 1058 vocem
346 997 381 1058 τὲ
405 1000 530 1078 positam
555 1000 586 1058 in
614 999 710 1060 verbis
734 995 841 1059 πολλὰ
865 995 1045 1074 ευνέγραφε
1069 993 1109 1058 τά
1131 1014 1176 1059 -τε
1205 998 1263 1059 τοῦ
1289 999 1371 1074 βατι-

221 1103 302 1166 λέωε
321 1100 497 1167 Ἰουλιανοῦ
521 1103 600 1167 κατὰ
621 1104 816 1181 Χριετιανῶν
841 1101 943 1182 βιβλία
962 1099 1195 1168 ἀναεκευάῑων.
1231 1103 1311 1164 llaec
1335 1104 1371 1164 de
1462 1090 1464 1095 ’

219 1211 355 1293 Ρλίλῑρρο
381 1211 489 1272 Sidete.

308 1318 380 1379 Post
390 1337 478 1398 quem
489 1319 629 1404 refutavit
638 1318 744 1378 luliani
753 1317 845 1379 libros
855 1318 1086 1378 violentissimus
1096 1317 1145 1378 ille
1156 1315 1370 1396 etsuperbissi·

220 1444 285 1486 mm
305 1418 655 1486 Alexandrinorum
674 1420 876 1504 opiscopus
896 1419 1078 1501 (tyrillus.
1112 1425 1169 1496 Qui
1189 1423 1308 1502 quidem
1322 1423 1370 1482 lu-

220 1532 291 1592 liani
315 1533 434 1611 scriptis
458 1539 572 1591 vastum
596 1532 734 1611 opposuit
758 1549 846 1611 opus,
875 1532 961 1591 cuius
984 1531 1052 1591 libri
1077 1533 1192 1610 primus
1215 1548 1310 1609 usque
1334 1529 1369 1590 ad

219 1638 367 1699 decimum
382 1638 418 1697 ad
439 1646 571 1698 nostram
585 1646 785 1715 pervenerunt
800 1647 934 1698 aetatem.
967 1637 1059 1698 Cuius
1074 1639 1173 1716 operis
1189 1637 1370 1698 mentionem

221 1744 291 1805 lecit
315 1744 523 1813 Theodoretns
547 1744 705 1823 episcopus
729 1743 868 1822 Cyrensis
892 1745 922 1803 in
938 1741 1071 1822 ⁸epistula
1097 1739 1152 1822 83,
1182 1761 1268 1822 quam
1293 1762 1369 1803 anno

218 1847 283 1910 448
308 1851 404 1911 datam
425 1868 491 1910 esse
512 1868 601 1929 supra
621 1852 821 1929 exposuimus
845 1849 896 1909 uhi
920 1851 1034 1928 egimus
1053 1848 1089 1908 de
1110 1849 1268 1909 Theodoro
1287 1849 1368 1928 Mop-

219 1965 368 2018 suesteno.
405 1956 601 2017 Inveniuntur
625 1964 724 2016 autem
747 1955 826 2016 illius
850 1955 938 2016 verba
962 1956 993 2015 in
1017 1955 1155 2015 editionis
1176 1955 1367 2017 Schulzianae

217 2063 272 2123 νοΙ.
292 2062 338 2123 lV.
360 2082 388 2142 p.
411 2059 499 2124 1150
508 2081 551 2141 sq.
575 2062 661 2124 haec:
698 2059 770 2124 Ὅτι
798 2061 834 2123 δὲ
867 2060 918 2123 καὶ
942 2058 960 2122 ὁ
983 2063 1039 2139 τῆ(
1067 2058 1220 2137 μακαρία(
1249 2061 1369 2139 μνήμη(

134 2172 137 2176 ’
220 2167 374 2245 Κύριλλοτ
398 2165 552 2230 πολλάκι(
574 2167 649 2246 ἡμῖν
673 2167 862 2244 ἐπέετειλεν,
887 2163 972 2244 οἶμαι
996 2166 1046 2230 καὶ
1069 2168 1127 2244 τὴν
1147 2163 1235 2251 (tul)
1259 2170 1369 2246 εαφῶε

217 2273 335 2339 εἰδέναι
358 2272 551 2352 τελειότητα.
593 2273 643 2336 καὶ
666 2272 758 2352 ἡνίκα
782 2275 816 2336 δὲ
840 2273 921 2336 κατὰ
945 2271 1118 2336 Ἰουλιανοῦ
1142 2273 1368 2352 τυγγράμματα

217 2379 261 2444 εἰ(
289 2381 347 2459 τὴν
370 2378 566 2459 Ἀντιόχειαν
594 2380 821 2471 ἐκπέπομφεν,Ι
845 2377 995 2443 acaciae
1024 2381 1059 2443 ot
1087 2381 1138 2444 καὶ
1169 2380 1209 2443 τὰ
1237 2380 1282 2444 εἰ(
1309 2381 1368 2444 τὸν

185 2525 191 2537 ·
216 2484 448 2566 ἀποπομπαῖον
466 2489 646 2567 γραφέντα,
672 2488 730 2551 τὸν
754 2485 908 2565 μακάριον
931 2488 1025 2571 ᾔτηεε
1049 2485 1198 2566 Ἰωάννην
1225 2488 1284 2550 τὸν
1311 2491 1367 2565 τῆε

215 2591 406 2672 Ἀντιοχέων
430 2591 603 2657 έπίεκοπον
627 2595 779 2660 ἐπιδεῖξαι
800 2597 900 2658 ταῦτα
923 2597 991 2657 coit
1010 2592 1090 2656 κατὰ
1112 2595 1171 2672 τὴν
1190 2593 1276 2677 ἑῲαν
1300 2597 1366 2656 δια-

215 2701 371 2778 πρέποντι
395 2687 683 2779 διδαεκάλοιε,’κα“ι
707 2703 744 2780 δὴ
768 2704 837 2764 τοῖε
861 2699 1038 2781 γράμμαειν
1062 2698 1147 2766 elice
1171 2699 1190 2762 ὁ
1215 2698 1366 2778 μακάριος

212 2803 363 2885 Ἰωάννη(
386 2807 559 2884 πέπομφεν
579 2807 653 2886 ἡμῖν
672 2807 728 2870 τὰ(
754 2806 881 2886 βίβλου(
904 2807 955 2872 καὶ
975 2805 1171 2882 ἀναγνόντεε
1191 2804 1366 2884 έθαυμάεα-

216 2932 274 2990 μεν
301 2913 352 2976 καὶ
380 2913 605 2992 έπεετείλαμεν
633 2919 679 2998 τῷ
708 2919 763 2994 τῆε
790 2913 943 2992 μακαρία(
972 2915 1092 2992 μνήμη(
1123 2912 1273 2996 Κυρίλλῳ.
1316 2912 1366 2976 καὶ

215 3016 399 3098 ἀντέγραψε
414 3018 511 3084 πάλιν
525 3021 600 3100 ἡμῖν
618 3021 669 3085 καὶ
689 3020 849 3100 ἀκρίβειαν
868 3019 942 3098 ἡμῖν
961 3019 1012 3083 καὶ
1032 3017 1169 3083 διάθεειν
1189 3021 1365 3097 μαρτυρῶν.

215 3125 267 3189 καὶ
286 3125 418 3192 εώζεται
441 3131 541 3191 ταῦτα
564 3127 604 3190 τὰ
622 3125 790 3206 γράμματα
810 3125 890 3206 παρ’
907 3128 981 3206 ἡμῖν
1002 3161 1043 3170 -
1068 3146 1142 3207 quae
1163 3128 1282 3206 quidem
1307 3148 1366 3190 non

216 3244 386 3315 supersunt.
439 3236 574 3298 Ellicltur
607 3245 705 3298 autem
739 3257 774 3298 ex
805 3236 985 3296 Theodoreti
1022 3235 1119 3296 verbis
1153 3235 1239 3295 modo
1272 3235 1366 3296 allatis

178 3357 186 3407 t
216 3344 344 3422 scriptos
372 3362 438 3403 esse
462 3343 562 3422 Cyrilli
590 3342 682 3404 libros
711 3354 741 3404 et
769 3362 837 3404 eum
865 3361 924 3422 quo
953 3343 989 3404 de
1018 3360 1217 3422 apopompaeo
1246 3345 1306 3421 egit
1335 3351 1364 3402 et

171 3412 180 3539 4
215 3467 267 3508 eos
294 3451 389 3530 ipsos,
418 3448 525 3527 quihus
549 3449 653 3509 lulloni
681 3447 772 3509 libros
796 3451 990 3530 impugnavit,
1019 3452 1043 3509 si
1067 3451 1166 3510 minus
1190 3467 1306 3529 omnes,
1334 3455 1364 3509 at

170 3542 175 3641 l
215 3564 296 3615 certe
315 3558 439 3634 primam
459 3548 631 3637 decadem³l
655 3557 733 3616 inter
752 3573 776 3616 a.
795 3552 860 3616 429
880 3564 911 3617 et
930 3574 953 3615 a.
972 3552 1047 3635 441,
1071 3573 1130 3635 quo
1150 3555 1268 3634 quidem
1292 3563 1363 3616 tem-

289 3800 314 3867 1)
334 3797 417 3852 Erret
435 3796 599 3865 Garnerius,
623 3796 671 3865 qui
694 3795 808 3865 septimi
831 3795 931 3866 capitis
956 3796 1063 3851 fontem
1086 3798 1198 3867 praeter
1222 3796 1364 3852 Socratem

214 3903 273 3941 esse
293 3885 437 3940 contendit
455 3887 520 3940 octo
539 3885 652 3940 concilii
670 3884 811 3955 Ephesini.
850 3883 952 3939 Omnia
970 3885 1045 3939 enim
1064 3885 1189 3940 Liberati
1211 3885 1298 3940 verba
1322 3885 1363 3940 in·
1415 3911 1417 3914 ·

213 3976 363 4031 veniuntur
382 3976 411 4030 in
431 3975 506 4030 Scor.
525 3975 552 4030 h.
573 3991 595 4030 e.
615 3973 667 4028 Vll
688 3979 728 4027 16.
750 3979 791 4028 17.
812 3978 855 4026 18.
875 3979 917 4028 19.
937 3978 980 4027 28.

284 4069 312 4134 2)
331 4065 496 4120 Dioscorum
515 4064 677 4135 episcopum
696 4061 918 4117 Alexandrinum
937 4061 1090 4131 alloquitur
1109 4062 1309 4118 [theodoretus.

285 4157 311 4224 3)
330 4156 371 4209 De
391 4153 539 4223 quinorum
565 4153 700 4208 librorum
719 4151 913 4206 coniunctione
932 4151 996 4206 vide
1016 4169 1063 4220 ea,
1087 4168 1158 4220 quae
1177 4151 1251 4206 infre,
1269 4151 1363 4221 dispu-

213 4244 289 4299 tabo.
327 4245 425 4312 Neque
449 4245 545 4297 tamen
573 4241 694 4311 primam
721 4240 883 4309 ponteclem,
908 4240 957 4294 sed
981 4241 1115 4296 decadem
1142 4239 1218 4294 mitti
1240 4239 1364 4310 potuisse

213 4350 321 4401 censeo,
340 4333 415 4403 quod
433 4331 506 4386 libro
521 4331 623 4385 octavo
638 4346 672 4384 en
686 4326 852 4398 refutantur,
871 4345 942 4397 quae
956 4348 983 4399 p.
999 4330 1085 4385 titt}
1101 4330 1135 4384 de
1149 4345 1217 4383 voce
1232 4331 1364 4384 θεοτὸκοτ

212 4423 322 4479 dixerat
340 4421 463 4477 lulianus
483 4420 627 4476 doctrinae
642 4418 834 4474 Antiochense
852 4419 927 4474 hand
946 4419 1103 4476 dissimilia.
1137 4417 1220 4474 Cuius
1240 4418 1362 4474 refutan-
