3192 4906
546 287 588 342 De
606 286 708 342 Iuliani
726 285 805 342 libris
823 285 1012 342 restituendis.
1305 285 1347 352 97

200 456 279 514 enim
299 462 369 514 sunt
388 455 441 516 ita:
460 444 517 516 καί
531 454 568 531 δὴ
588 452 807 530 εογγέγραφω
828 438 940 531 βιβλία,7
959 454 1010 515 uhi
1030 451 1248 530 ευγγέγραφαι
1267 471 1348 514 men·

198 560 270 622 dosc
293 547 439 641 scrIptum
467 579 532 622 esse
561 579 615 640 pro
644 559 846 636 ευγγέγραφε
875 579 962 624 nemo
990 579 1050 622 non
1080 559 1168 620 videt.
1208 559 1350 620 Exstahat
1456 549 1460 554 ’

199 677 298 730 autem
321 667 467 728 librorum
491 683 635 728 numerus
658 669 689 726 in
714 667 816 728 codice
840 669 1041 729 vetustissImo
1066 667 1239 748 Capnionis,
1263 669 1349 728 cuius
1450 667 1453 675 '

199 776 288 838 verba
317 779 358 838 ita
386 777 475 837 vertit
498 773 741 854 OeoolampadIus
765 774 784 834 1.
806 772 863 835 lb:
896 770 942 835 ‘et
966 784 1027 836 tres
1056 775 1235 853 conscripsit
1257 773 1349 834 libros
1436 803 1439 806 ·

200 884 347 945 adversus.
371 889 472 944 sancta
495 875 664 960 Evangelia'
688 888 744 941 etc.
781 879 847 942 lluc
870 881 984 943 accedit
1007 882 1087 960 quod
1113 900 1169 941 vox
1192 877 1263 957 τρία
1291 899 1349 942 non

199 990 399 1071 desideratur,
432 987 483 1049 uhi
516 988 588 1049 haec
617 987 718 1067 Cyrilli
745 985 834 1047 verba
865 988 1046 1049 aMichaele
1075 987 1163 1067 Glyoa
1192 987 1350 1049 laudantur

200 1118 226 1178 p.
246 1095 313 1158 470
331 1089 458 1178 Bonn.1)
495 1095 598 1174 Neque
620 1096 704 1174 parvi
727 1093 938 1155 aestimandam
964 1113 1030 1155 esse
1054 1097 1120 1156 eius
1144 1083 1357 1155 auctoritatem

199 1204 267 1264 inde
301 1204 444 1284 efficitur,
483 1202 562 1282 quod
599 1201 719 1264 annales
754 1203 818 1262 eius
847 1204 932 1281 prius
966 1203 1123 1281 compositi
1158 1211 1228 1264 sunt
1262 1221 1349 1281 quam

112 1325 115 1328 ’
199 1313 302 1390 scripti
339 1308 488 1390 Cyrilliani
529 1311 628 1389 operis
664 1309 782 1369 codices
817 1311 869 1387 qui
903 1309 938 1370 ad
980 1317 1112 1370 nostram
1147 1319 1348 1389 pervenerunt

199 1425 325 1478 aetatem
362 1417 398 1479 ad
435 1435 529 1478 tinum
561 1433 678 1496 omneS,
715 1423 745 1476 et
780 1415 858 1493 quod
892 1416 1111 1496 deprompsisse
1145 1435 1215 1478 eum
1248 1415 1349 1496 Cyrilli

198 1523 287 1584 verha
325 1542 361 1584 ex
396 1525 525 1604 optImac
565 1532 651 1584 notae
687 1522 788 1583 codice
829 1522 1011 1600 Intellegitur
1043 1542 1077 1583 ex
1116 1525 1266 1602 scrIptura
1307 1541 1350 1604 ea,

200 1648 289 1709 quam
310 1648 399 1720 supra
420 1630 556 1690 adnotavi
575 1629 800 1691 dissentientem
820 1647 835 1688 a
855 1631 1003 1708 scriptura
1022 1647 1110 1708 quam
1129 1647 1268 1691 vocamus
1289 1630 1351 1690 vul-

199 1746 280 1818 gata,
309 1739 545 1798 consentientem
573 1755 641 1796 cum
669 1736 733 1797 cod.
757 1735 904 1797 Marciano
932 1732 1003 1797 123.
1046 1735 1126 1816 Ergo
1154 1736 1350 1798 dubitandum

200 1863 259 1904 non
286 1853 345 1925 est,
373 1845 445 1923 quin
473 1861 507 1903 re
536 1861 604 1903 vera
635 1845 725 1904 trium
755 1843 842 1904 modo
867 1843 971 1903 Iuliani
994 1842 1138 1903 librorum
1168 1845 1350 1905 mentionem

201 1952 307 2011 iecerit
337 1949 470 2030 Cyrillus.
519 1949 580 2010 lam
606 1947 676 2009 v'ero
708 1951 842 2027 quaestio
873 1956 938 2010 orta
964 1956 1018 2030 est,
1048 1951 1110 2010 utri
1132 1949 1207 2010 tides
1235 1953 1273 2010 sit
1301 1949 1349 2010 ha·
1387 1991 1389 1996 ,
1482 1980 1493 1987 >⁴

200 2057 310 2140 henda,
337 2056 517 2136 Hieronymo
546 2075 583 2116 an
611 2055 728 2135 Cyrillo.
770 2055 865 2126 Quam
894 2073 962 2117 cum
994 2057 1025 2115 iu
1057 2054 1148 2116 dubio
1180 2054 1350 2135 reliquisset

201 2163 413 2244 Spanhcmhm,
431 2214 433 2218 ,
448 2166 499 2242 qui
533 2165 565 2224 in
599 2164 781 2243 praefatione
819 2163 957 2223 editionis
988 2179 1058 2223 suae
1088 2180 1214 2242 operum
1244 2161 1351 2224 Iuliani

199 2291 227 2350 p.
251 2268 294 2331 41
318 2258 367 2331 'de
398 2289 432 2330 ea
466 2289 500 2330 re
535 2271 730 2350 disseruerat,
760 2268 914 2330 Fabricius
947 2269 987 2329 ita
1023 2268 1110 2329 solvit
1139 2269 1185 2330 vel
1227 2268 1350 2330 solvisse

200 2376 369 2458 videbatur,
393 2386 425 2438 ut
449 2379 625 2438 sententiam
655 2394 737 2437 suam
762 2375 900 2437 omnihus
928 2375 1082 2456 probaret,
1110 2378 1162 2453 qui
1190 2385 1258 2456 post
1280 2390 1349 2438 eum

199 2483 300 2564 paullo
323 2485 491 2544 accuratius
515 2483 552 2544 de
574 2483 679 2544 Iuliani
702 2483 786 2543 libris
810 2489 944 2562 egerunt.
980 2481 1109 2543 Protulit
1132 2490 1229 2543 autem
1249 2483 1350 2544 Fabri-

200 2592 265 2650 cius
285 2592 486 2651 coniecturam
516 2608 599 2651 suam
623 2592 653 2650 in
677 2589 747 2650 bibl.
766 2590 868 2650 Graec.
893 2588 948 2649 vol.
966 2582 1025 2648 Vl4.
1049 2607 1076 2667 p.
1093 2584 1158 2650 ’138
1174 2609 1217 2669 sq.
1254 2592 1350 2670 Atque

200 2705 323 2757 secutus
346 2695 559 2776 Hieronymum
584 2699 753 2757 constitisse
778 2704 880 2757 censet
903 2715 978 2776 opus
999 2695 1105 2756 Iuliani
1128 2694 1212 2757 libris
1236 2705 1350 2776 septem

200 2811 290 2883 atque
314 2822 350 2876 ex
377 2805 414 2864 iis
442 2811 504 2864 tres
528 2805 620 2864 sacris
651 2803 808 2882 evangeliis
837 2805 988 2882 oppositos
1017 2801 1120 2862 decem
1148 2801 1233 2863 libris
1256 2803 1350 2864 Theo-

200 2911 286 2972 dosio
309 2913 420 2972 iuniori
441 2912 616 2990 imperatori
643 2910 748 2970 dicatis
771 2911 939 2971 confutatos
968 2928 1033 2970 esse
1057 2929 1073 2970 a
1097 2908 1205 2988 Cyrillo
1229 2909 1350 2970 Alexan·

201 3019 297 3079 drino.
326 3019 421 3096 Atque
437 3035 488 3077 eos
508 3017 628 3096 quidem
647 3017 740 3078 luisse
757 3012 943 3092 ἀνατροπὴν
961 3016 1041 3076 illam
1059 3015 1125 3076 τῶν
1141 3011 1348 3092 εὐαγγελίων,

201 3127 289 3185 cuius
309 3125 489 3184 mentionem
508 3124 635 3185 iecerint
653 3122 849 3203 Theophanes
868 3131 898 3184 et
912 3121 1073 3183 Cedrenus
1108 3121 1166 3182 Sed
1182 3122 1350 3184 Cedrenum

202 3239 236 3292 ut
259 3233 421 3309 mittamus,
444 3232 495 3309 qui
519 3248 554 3289 ex
573 3229 753 3309 Theophane
777 3247 830 3290 sua
853 3222 997 3312 hausit22)
1021 3247 1058 3288 nc
1078 3227 1266 3310 Theophanis
1286 3232 1349 3309 qui·

201 3338 269 3398 dem
293 3336 383 3398 verha
406 3336 495 3398 uillas
519 3343 589 3397 sunt
607 3338 759 3416 momenti,
782 3354 851 3396 cum
870 3346 974 3397 auctor
993 3337 1058 3396 eius
1077 3337 1116 3396 sit
1134 3337 1198 3415 lpse
1216 3335 1351 3416 Cyrillus.

201 3443 279 3504 Sunt
297 3452 396 3504 autem
415 3443 603 3522 Theophanis
626 3443 699 3503 haec
718 3462 745 3522 p.
761 3439 817 3524 80,
835 3440 875 3505 13
891 3461 953 3522 sqq.
973 3442 1079 3503 Bonna
1105 3437 1291 3520 ἀνατροπὴν
1315 3442 1350 3504 δὲ

273 3687 299 3754 1)
318 3685 382 3740 Non
401 3685 542 3754 discrepat
566 3686 703 3754 scriptura
724 3685 871 3740 Michaelis
891 3685 996 3754 Glycee
1020 3684 1125 3741 codicis
1144 3685 1280 3740 Marciani
1299 3693 1350 3742 402

199 3791 272 3831 saec.
288 3773 361 3828 XIII.
377 3774 482 3843 scripti,
502 3791 584 3844 quem
599 3791 616 3828 a
630 3774 757 3830 Bekkero
772 3773 1001 3844 praetermissum
1015 3774 1075 3844 ipse
1090 3775 1215 3831 Venetiis
1233 3776 1350 3845 inspexi.

207 3859 209 3866 ’
274 3865 302 3932 2)
322 3861 676 3940 Gedranip.·53⁷,14sqq.
696 3863 782 3917 Bonn.
802 3863 888 3918 verba
907 3864 972 3916 sunt
989 3862 1071 3918 heac:
1096 3865 1178 3918 cirros
1193 3867 1208 3918 ὁ
1224 3868 1351 3932 δυεεεβὴε

200 3955 248 4006 καὶ
265 3955 319 4029 Ιτὴν
337 3956 396 4006 τῶν
415 3950 499 4006 θείων
518 3951 688 4016 εὐαγγελίων
702 3953 865 4019 ἀνατροπὴν
884 3953 1014 4019 ἔγραψεν,
1033 3952 1069 4018 ὴν
1088 3953 1103 4006 d
1123 3954 1207 4018 μέγα(
1222 3955 1351 4021 Κύριλλοε

200 4039 409 4108 Ἀλεξανδρεία(
422 4043 467 4096 καί
482 4042 559 4095 ἄλλοι
573 4042 742 4109 φιλόχριετοι
757 4042 1005 4110 ἐπηνωρθώεαντο.
1044 4041 1104 4106 Quo
1122 4041 1184 4096 loco
1199 4059 1232 4096 ax
1246 4059 1351 4096 memo·
1382 4051 1387 4061 ’

200 4131 244 4185 rIa
267 4129 372 4184 adlecit
394 4133 439 4184 καί
462 4131 539 4184 ἄλλοι
562 4113 730 4197 adoptator
753 4145 843 4198 neque
867 4129 1016 4188 minusca
1039 4146 1110 4198 quue
1134 4133 1287 4198 sequuntur
1307 4133 1351 4186 καὶ

198 4225 290 4274 πᾶταν
310 4221 344 4286 δὴ
364 4219 450 4286 ἄλλην
468 4222 582 4287 γραφὴν
601 4219 686 4272 αὐτό(
703 4236 735 4273 τε
758 4221 803 4272 καλ
822 4219 849 4272 οἱ
867 4220 958 4285 ὅμοιοι
976 4219 1064 4272 αὐτοῦ
1083 4221 1222 4287 διέβαλον,
1247 4220 1301 4273 ὑπὸ
1321 4221 1351 4272 δὲ

201 4309 366 4377 ὀρθοδὸξων
384 4309 567 4376 ἐξεβλήθηεαν
580 4309 616 4361 τὰ
629 4309 741 4362 τούτων
755 4309 914 4374 νοθεύματα
929 4309 989 4377 (scr.
1004 4309 1188 4378 vmeeopaw),
1206 4307 1260 4361 nisi
1278 4306 1351 4360 forte

201 4413 278 4468 quoe
298 4397 482 4466 Theophanes
500 4397 519 4451 I.
539 4397 558 4450 l.
577 4396 612 4450 de
630 4395 786 4473 Porphyrio
805 4395 914 4466 attulit,
934 4414 967 4451 ex
985 4395 1102 4451 libidine
1120 4396 1248 4451 mutavit.

259 4495 365 4536 Iulianus
379 4497 415 4536 ed.
429 4496 556 4536 Heumann.
1123 4491 1136 4540 7
