3192 4906
267 252 329 316 128
405 229 407 232 ’
441 339 444 346 .
769 251 860 323 capue
877 251 911 306 ιι.

264 419 355 481 Marci
383 419 468 481 haec:
507 417 597 482 Μετὰ
625 419 660 481 δὲ
687 418 726 481 τὸ
755 422 976 496 παραδοθῆναι
1004 419 1062 482 τὸν
1091 416 1241 495 Ἰωάννην
1269 418 1366 498 ἦλθεν
1391 417 1411 500 ὁ

264 519 378 601 Ἰηεοῦε
407 523 451 587 εἰε
479 525 537 602 τὴν
562 523 744 602 Γαλιλαίαν,
773 524 934 603 κηρύττων
961 525 999 586 τό
1028 524 1218 600 εὐαγγέλιον
1246 529 1304 589 τοῦ
1328 531 1412 603 θεοῦ,

265 627 313 692 ὅτι
341 631 547 708 πεπλήρωται
580 629 598 694 ὁ
631 631 738 710 καιρόε
771 631 822 694 καὶ
851 631 981 710 ἤγγικεν
1013 631 1033 709 ἡ
1063 630 1202 709 βαειλεία
1232 636 1290 695 τοῦ
1323 637 1413 696 θεοῦ·

264 741 492 815 μετανοεῖτε
517 738 568 823 καὶ
591 737 752 801 πιετεύετε
776 737 812 801 ἐν
835 742 881 820 τῷ
903 735 1088 819 εὐαγγελίῳ.
1130 738 1332 818 Interrogasse
1357 749 1413 802 sta-

265 853 316 904 tuo
335 844 482 907 Iulianum
502 845 571 926 qnid
592 865 697 907 causae
717 847 831 927 inisset,
855 865 909 906 cnr
928 845 1053 906 Iudaeos
1073 843 1117 906 εἰ(
1136 841 1307 922 μετάνοιαν
1331 867 1414 909 voca·

265 960 310 1012 ret
333 952 425 1014 Iesus,
468 953 526 1025 Qui
550 957 637 1014 etiam
661 953 758 1014 verbis
787 953 874 1014 modo
898 953 992 1013 allatis
1016 951 1236 1029 πεπλήρωται,
1260 955 1371 1035 inquit,
1396 951 1414 1013 ὁ

264 1054 381 1133 καιρόε.
422 1056 483 1119 Iam
512 1053 581 1119 ver'o
610 1061 727 1119 occasio
755 1058 821 1120 data
846 1066 910 1119 erat
932 1059 1044 1119 Iuliano
1069 1059 1178 1119 Christi
1207 1059 1413 1134 calumniandi,

265 1165 342 1243 quod
363 1167 426 1243 ipse
447 1163 503 1226 sibi
522 1177 711 1244 repugnaret.
747 1166 843 1236 Quem
863 1165 919 1226 alio
938 1165 1003 1226 loco
1024 1160 1139 1246 (Matth.
1153 1163 1205 1246 24,
1220 1163 1348 1248 3-25,
1359 1159 1414 1250 13)

265 1264 413 1332 indicasse
441 1280 543 1352 postea
573 1259 775 1352 appariturum
804 1291 869 1332 esse
897 1272 1026 1332 hominis
1053 1273 1146 1333 filium
1173 1291 1270 1352 neque
1299 1281 1413 1335 certum

265 1397 330 1438 esse
353 1378 527 1439 adveniendi
547 1389 673 1459 tempos
709 1378 810 1439 Matth.
831 1387 929 1439 autem
949 1375 1000 1458 24,
1019 1377 1118 1458 4sqq.
1155 1378 1239 1439 Iesus
1259 1388 1414 1440 enumerat

223 1565 225 1569 Ι
266 1503 314 1544 res
343 1503 405 1564 eas,
438 1505 454 1544 e
485 1485 593 1564 quibus
626 1485 709 1546 brevi
739 1504 804 1546 sese
833 1486 1027 1547 adventurum
1057 1504 1123 1546 esse
1152 1486 1271 1546 efficere
1299 1488 1413 1565 possint

267 1589 412 1668 dIscipuIi.
450 1587 665 1668 Ἐγερθήεεται
685 1589 756 1671 γὰρ,
778 1594 884 1672 Inquit,
908 1588 1001 1654 ἔθνοε
1021 1587 1072 1652 ἐπ’
1090 1588 1186 1655 ἔθνοε
1203 1589 1255 1652 καὶ
1275 1589 1415 1668 βαειλεία

265 1693 318 1757 ἐπὶ
348 1695 506 1772 βαειλείαν
533 1697 584 1759 καὶ
612 1696 736 1760 ἔεονται
767 1697 851 1775 λιμοὶ
879 1697 930 1759 καὶ
958 1697 1073 1775 εειεμοὶ
1103 1696 1183 1759 κατὰ
1209 1695 1329 1760 τόπου(
1352 1697 1414 1759 κτέ.

216 1779 220 1793 ’
265 1802 309 1861 Ad
329 1822 404 1882 qnae
423 1803 568 1867 Iulianum
588 1805 743 1875 adnotasse
759 1807 958 1888 comperimus
978 1824 1013 1866 er
1033 1802 1189 1865 Theodoro
1203 1805 1414 1884 Mopsuesteno

266 1905 308 1991 (p.
325 1907 375 1990 18,
390 1908 410 1970 3
428 1901 596 1992 Fritzsche)
616 1912 701 1972 haee:
724 1912 857 1972 τοιαῦτα
880 1907 1034 1971 πολλάκι(
1057 1908 1187 1984 ἐγένετο
1211 1909 1414 1985 καὶγίνεται·

245 2034 247 2038 ·
265 2014 316 2077 καὶ
335 2018 404 2079 πιῦε
418 2019 519 2079 ταῦτα
534 2015 714 2079 ευντελείαε
729 2016 853 2093 εημεῖοι;
886 2016 990 2076 Finem
1006 2025 1104 2078 antem
1119 2021 1264 2078 sermonis
1280 2021 1328 2099 sni
1344 2019 1416 2079 iecit

265 2123 348 2185 Iesus
369 2133 485 2185 narrata
504 2125 643 2204 parabola
664 2125 768 2186 iliade
790 2125 892 2184 decem
916 2123 1089 2203 virgInibns‚
1113 2143 1188 2202 quae
1207 2143 1266 2184 non
1285 2125 1413 2185 animad-

271 2238 421 2293 verterant
448 2235 550 2310 sponsi
573 2232 739 2292 adventnm.
781 2230 882 2291 Matth.
902 2227 986 2312 25,1
1009 2249 1071 2308 sqq.
1113 2230 1209 2309 Atque
1238 2234 1325 2292 etiam
1350 2251 1413 2292 eam

265 2339 295 2396 in
329 2356 451 2397 examen
485 2355 604 2398 vocasse
637 2336 782 2398 Iulianum
815 2337 961 2399 efficimus
994 2355 1030 2396 ex
1063 2337 1227 2414 fragmento
1256 2337 1357 2416 Cyrilii
1380 2333 1414 2400 8:

266 2438 393 2518 ἄριετον
416 2443 467 2505 καὶ
491 2442 595 2520 copon
614 2439 695 2504 εἷναί
719 2462 770 2520 μοι
794 2445 883 2505 δοκεῖ
905 2444 963 2504 τοῦ
982 2444 1093 2517 καιροῦ
1116 2444 1174 2503 τοῦ
1198 2443 1414 2521 προεήκοντοε

265 2549 305 2626 μὴ
330 2545 571 2625 ἀφαμαρτάνειν
600 2545 786 2626 πράγμαειν.
828 2549 909 2619 Quae
938 2567 998 2616 non
1026 2558 1139 2609 temere
1167 2567 1222 2610 nos
1250 2554 1413 2612 coniecisse

266 2658 353 2716 etiam
370 2675 409 2716 eo‘
418 2657 571 2739 probatur,
590 2656 669 2735 qnod
685 2657 720 2716 ad
734 2656 872 2716 Matthaei
892 2655 981 2716 verba
1001 2674 1076 2734 quae
1092 2665 1260 2736 sequuntur
1278 2665 1413 2736 spectare

265 2764 403 2824 videntur
426 2763 481 2824 alia
503 2765 667 2844 fragmenta
691 2765 759 2846 ιλιιο,
782 2783 857 2843 qnae
877 2747 912 2823 ex
932 2763 994 2823 XII.
1016 2761 1116 2841 CyrilIi
1138 2763 1215 2824 libro
1235 2764 1320 2824 nobis
1344 2774 1413 2825 snnt

264 2879 387 2931 servata.
425 2870 466 2931 De
491 2871 599 2950 quihus
623 2891 703 2932 nnnc
726 2869 872 2950 agendum
897 2871 990 2930 nobis.

825 3064 853 3128 5.

353 3192 396 3253 Ex
413 3193 512 3272 Cyrilli
531 3193 703 3272 fragmentis
719 3189 748 3252 9.
764 3201 793 3252 et
809 3188 858 3252 10.
879 3191 995 3252 videtur
1015 3209 1080 3251 esse
1096 3191 1293 3270 colligendum
1308 3210 1411 3252 censu-

265 3318 327 3371 ram
353 3301 449 3378 egisse
472 3297 618 3358 InIianum
641 3296 797 3379 parabolae
820 3297 900 3358 illius
924 3317 939 3357 a
959 3292 1109 3358 'Matthaeo
1129 3294 1180 3378 25,
1198 3296 1238 3360 13
1253 3318 1316 3379 sqq.
1340 3297 1412 3358 rela-

264 3415 325 3487 tae,
354 3425 412 3484 qna
441 3407 538 3484 agitur
566 3405 602 3465 de
632 3405 757 3465 diversis
785 3407 924 3484 praemiis
952 3407 988 3464 iis
1017 3404 1106 3485 datis,
1134 3407 1185 3484 qni
1208 3407 1296 3465 variis
1319 3404 1412 3465 modiS

265 3515 312 3573 nsi
336 3520 421 3572 erant
445 3511 562 3573 talentis
585 3515 658 3591 ipsis
678 3513 807 3572 creditis.
845 3511 1036 3573 Talentornm
1055 3519 1154 3572 autem
1174 3513 1286 3572 mentio
1309 3513 1341 3573 fit
1360 3511 1410 3590 Cp·

266 3619 323 3678 rilli
346 3619 510 3697 fragmento
529 3616 581 3679 28.
601 3637 636 3678 ex
655 3619 731 3678 libro
750 3616 821 3678 XVI.
845 3619 958 3680 hausto.
996 3617 1104 3679 Verum
1126 3620 1276 3678 enimvero
1295 3636 1330 3678 eo
1349 3617 1412 3678 Ioco

265 3724 362 3784 obiter
389 3725 430 3784 ita
453 3740 556 3783 eornm
581 3726 760 3784 mentionem
790 3725 868 3807 lieri,
895 3736 929 3787 nt
957 3724 1083 3804 exempli
1113 3727 1205 3802 gratia
1233 3723 1317 3785 aIIata
1348 3743 1412 3784 esse

164 3833 184 3856 ⁸
267 3831 432 3912 rideantur,
455 3829 676 3892 demonstratur
699 3832 801 3892 sntnro
825 3839 957 3913 tempore
982 3831 1228 3907 πληροφορήεει.

825 4024 854 4087 6.

355 4150 414 4210 Iam
444 4168 512 4210 vero
541 4169 608 4210 cum
637 4169 673 4210 ex
703 4152 839 4228 iis'qnae
860 4169 897 4210 ex
919 4149 981 4210 XII.
1005 4143 1081 4210 XIII.
1105 4149 1177 4211 XIV.
1202 4150 1301 4230 Cyrilli
1328 4151 1413 4212 libris

195 4347 197 4353 Ι
266 4268 381 4320 servata
414 4267 484 4319 sunt
518 4259 689 4336 fragmentis
724 4259 851 4320 refutata
883 4261 919 4318 iis
952 4275 1017 4318 esse
1056 4260 1201 4320 efficiatur
1226 4258 1281 4318 'illa
1309 4258 1414 4319 InIiani

266 4363 364 4446 verba,
381 4363 495 4444 quibus
519 4372 635 4425 servato
659 4383 760 4424 rerum
782 4365 885 4425 ordine
909 4371 1085 4427 tractaverat
1108 4384 1181 4444 quas
1205 4383 1254 4424 res
1277 4365 1414 4426 Christus
