3192 4906
601 336 642 390 aa
662 334 764 390 ranan
782 335 917 390 abrorum
938 316 1028 390 rana·
1333 333 1376 397 83

229 502 473 581 Oecolampadins
501 485 642 562 adhibuit.
685 501 776 561 Cuius
805 500 893 562 verba
918 509 987 561 sunt
1015 500 1087 560 haec
1112 501 1130 559 i.
1146 497 1210 560 octa
1239 500 1376 561 editionis

228 627 253 668 a.
271 605 369 671 1528:
393 605 482 669 ‘Num
506 609 630 669 forsitan
649 608 928 687 primosecundum
949 610 1047 670 minus
1066 610 1124 668 erit
1146 609 1227 668 inxta
1247 614 1376 668 mentem

229 712 352 775 sanam?
384 715 477 775 Maius
492 717 570 775 enim
590 717 695 794 opinor
710 733 775 774 csse
794 715 961 794 producere
980 714 1090 794 aliquid
1110 733 1145 774 ex
1165 713 1266 794 nihilo,
1285 731 1373 793 quarn

229 824 286 882 iarn
305 821 483 901 productum
503 829 533 882 et
551 839 638 900 grave
657 820 767 900 aliquid
787 839 917 900 passum,
940 820 1043 882 reduci
1066 821 1164 880 denuo
1187 822 1218 880 in
1241 820 1271 880 id
1296 819 1374 899 quod

228 930 375 1008 principio
404 923 487 990 erat’
528 928 648 988 Reiecta
681 930 772 1007 igitur
800 927 857 988 Mai
885 930 1056 988 coniectura
1084 926 1207 988 dubium
1235 945 1294 988 non
1324 934 1378 1006 est,

230 1037 302 1114 quin
321 1053 465 1096 numerus
485 1037 524 1094 sit
542 1042 711 1114 corruptus.
750 1033 948 1094 Scribendum
966 1042 1064 1095 autern
1080 1052 1146 1094 esse
1166 1033 1238 1094 mihi
1261 1033 1378 1093 ridetur

230 1135 266 1204 ιζ’
290 1160 345 1222 pro
363 1135 398 1205 ζ’.
435 1141 514 1220 Ergo
534 1143 622 1202 etiam
641 1159 674 1204 ea
695 1159 769 1220 quac
790 1150 958 1219 sequuntur
976 1140 1074 1220 verba,
1097 1139 1207 1219 quibus
1225 1142 1256 1200 in
1276 1139 1377 1199 codice

228 1251 456 1327 praemittantur
487 1248 577 1343 yerba
610 1245 645 1310 ἐκ
676 1249 735 1330 τοῦ
767 1245 880 1322 αὐτοῦ,
913 1266 949 1308 ex
980 1246 1061 1307 libro.
1085 1245 1171 1307 xvn.
1204 1245 1377 1325 deprompta

229 1373 296 1414 esse
320 1373 437 1416 censeo.

774 1458 826 1522 40.

317 1586 360 1647 Ex
385 1586 486 1652 Leont.
511 1596 541 1654 et
563 1587 662 1647 loann.
688 1587 705 1646 i.
727 1582 798 1647 154.
837 1581 886 1647 Ἐκ
909 1586 967 1646 τοῦ
992 1581 1102 1646 αὐτοῦ.
1257 1639 1259 1643 .

317 1691 505 1769 Περιφανὴς
529 1692 580 1754 καὶ
598 1689 811 1769 ἀξιοζήλωτος
830 1687 989 1766 ἀγαθδτης
1013 1689 1084 1767 έςτῑ,
1109 1690 1230 1766 δηλαδὴ
1250 1687 1288 1751 τὸ
1307 1686 1378 1765 ὀρέ-

230 1817 299 1873 γειν
330 1796 424 1860 ἔλεον
452 1800 520 1860 τοῖς
548 1801 647 1874 μιςεῖν
674 1799 755 1875 ἡμᾶς
783 1796 951 1879 ᾐρημένοις
979 1795 1029 1858 καὶ
1057 1798 1149 1873 χεῖρα
1176 1795 1283 1874 νέμειν
1311 1793 1378 1856 ἐπί-

229 1924 360 1981 κουρον,
390 1903 556 1982 βούλεςθαι
585 1904 620 1967 δὲ
648 1903 699 1967 καὶ
727 1902 838 1969 ςώῑειν
871 1901 1001 1979 αὐτοὺς,
1034 1900 1092 1964 οὐκ
1119 1899 1379 1978 ἐπεμβαίνοντας,-

230 2011 353 2087 μᾶλλον
381 2010 416 2072 δὲ
445 2009 496 2071 καὶ
520 2007 591 2072 οἷον
619 2011 774 2087 κειμένοις
796 2009 1057 2086 ἐπομχουμένους
1085 2007 1137 2071 καὶ
1163 2010 1219 2085 τῆς
1247 2006 1379 2084 ένούςης

230 2105 340 2178 αὐτοῖς
363 2113 550 2192 ἀθλιότητος
578 2112 846 2192 καταμειδιῶντοις
873 2111 1201 2198 ἀφιλοικτιμμόνωςξ)
1235 2115 1379 2192 δρῶντας

230 2222 265 2284 δὲ
290 2224 413 2298 μᾶλλον
435 2222 555 2300 ἐκεῖνοι,
580 2219 620 2284 δι’
642 2219 689 2285 ὧν
713 2217 784 2305 (W)
809 2220 870 2286 ἔξω
893 2223 1043 2297 γένοιντο
1067 2216 1244 2303 παγίδος,3)
1269 2239 1379 2282 ποιου-

231 2329 347 2405 μένους
372 2329 407 2391 δέ
431 2335 482 2391 καὶ
506 2327 593 2392 λιτὰς
616 2329 697 2406 πρὸς
724 2328 781 2393 τὸν
804 2332 870 2392 τῶν
894 2326 982 2392 ὅλων
1004 2327 1085 2405 ὑπὲρ
1110 2327 1217 2391 αὐτῶν
1240 2325 1379 2392 έξουςιά-

230 2439 328 2501 ῑοντα
352 2434 437 2500 θεόν.

698 2560 910 2568 »m-

656 2689 707 2748 Ex
729 2690 807 2750 libro
830 2687 954 2748 XVIII.

778 2846 830 2909 41.

321 2969 364 3031 Ex
387 2970 490 3031 Leont.
514 2980 545 3032 et
567 2971 666 3032 loann.
690 2990 718 3051 p.
736 2967 807 3032 105.
849 2965 899 3032 Ἐκ
926 2970 985 3031 τοῦ
1013 2962 1052 3044 ιη’
1081 2965 1181 3043 λόγου
1209 2967 1275 3030 τῶν
1295 2947 1408 3029 κατὰ·

231 3077 413 3139 Ἰουλιανοῦ.
1052 3159 1055 3164 ι

321 3179 382 3244 Εἰςί
400 3201 493 3260 τινες,
512 3185 654 3246 πλεῑςτοι
669 3183 704 3245 δέ
720 3179 809 3245 οὗτοι
828 3181 907 3246 κατὰ
925 3181 983 3245 τὸν
1004 3179 1081 3260 βίον,
1101 3179 1131 3243 o‘i
1150 3179 1188 3243 τὸ
1207 3178 1310 3258 ςφίςιν
1325 3179 1379 3243 αὐ-

231 3291 301 3350 τοῖς
320 3284 513 3371 <δοκοῡν>4)
529 3286 665 3365 εὖέχειν
684 3287 909 3366 ὑπειλημμένοι
928 3285 1142 3367 ἀβαςανὶςτως
1160 3286 1381 3364 κρατύνουςιν·

233 3393 358 3458 οἴονται
382 3395 430 3471 δὲ,
455 3377 503 3456 ὅτι
528 3392 631 3472 πάντη
655 3414 689 3457 τε
714 3394 765 3456 καὶ
789 3391 919 3456 πάντως
942 3392 1035 3471 ςοφὰ-
1057 3396 1186 3457 λαλοῦςι
1210 3394 1261 3457 καὶ
1284 3391 1381 3472 ἀναμ-

234 3499 382 3580 φίβλητα.
420 3501 505 3577 πλὴν
529 3501 618 3578 μέχρι
641 3500 795 3564 τοςούτοιι
819 3502 877 3578 τὴν
899 3503 958 3563 τοῦ
977 3503 1085 3565 δοκεῖν
1109 3498 1189 3563 εἶναι
1213 3500 1309 3579 ςοφοὶ
1331 3501 1382 3564 καὶ

232 3591 392 3687 ἀγχίνοιῧ)
416 3607 583 3670 κλέπτοντι
607 3606 714 3685 δόξαν,
738 3604 828 3686 ἄχρις
847 3606 887 3671 ἂν
910 3606 1020 3671 aaron
1043 3605 1062 3669 δ
1081 3607 1162 3684 πρὸς
1184 3609 1250 3670 τῶν
1274 3605 1381 3684 ἑτερο-

231 3713 491 3791 γνωμονούντων
518 3712 680 3795 ὑπαντήςῃ
706 3712 816 3792 λόγος,
840 3715 1053 3792 -γομγοτέροις
1081 3714 1226 3793 ἐλέγχοις
1254 3711 1381 3777 ἀντανι·
1420 3767 1422 3770 .

233 3818 396 3898 ςτάμενος.

323 3929 467 3991 Videntur
490 3930 562 3991 hacc
586 3931 677 3990 inisse
702 3932 796 4010 prima
820 3925 887 3990 libri
911 3929 1008 3990 verba.

307 4105 333 4166 1)
353 4101 464 4172 Scripsi.
484 4101 748 4170 ἀφιλοικτειρμόνως
765 4099 864 4156 Maius.
901 4082 906 4090 ¹

307 4194 334 4260 2)
353 4192 388 4244 τὰ
407 4191 467 4246 cod.
488 4193 521 4244 ἂν
540 4189 646 4259 scripsi.
672 4190 762 4245 Maius
782 4188 895 4244 delevit.

307 4285 333 4346 3)
352 4281 463 4344 γένοιτο
481 4279 564 4345 παγίς
583 4279 642 4333 cod.
662 4281 789 4344 γένοιντο
806 4279 923 4345 παγίδος
941 4277 1040 4336 Maius.

307 4372 335 4436 4)
354 4371 456 4422 δοκοῦν
475 4367 579 4422 adiecit
597 4365 728 4437 Migniua

308 4461 335 4527 ὃ)
354 4457 479 4524 ἀγχίνοοι
497 4456 595 4511 Maius.
615 4456 722 4523 ἀγχίνοι
741 4457 839 4527 scripsi
858 4457 903 4512 cll.
923 4456 984 4526 Oyr.
1004 4455 1082 4512 Alex.
1103 4473 1126 4510 c.
1145 4456 1195 4510 Inl.
1216 4457 1312 4522 poA.

1130 4551 1145 4595 6
1153 4544 1168 4575 *
