3192 4906
257 311 321 375 148
748 309 839 379 Caput
856 308 903 364 III.

257 477 348 538 altera
369 479 529 556 scripserat
548 473 715 558 ἁπάντωνγ
734 486 822 556 atque
841 478 950 557 prioris
968 478 1145 555 scripturam
1161 472 1403 551 Oeoolampadius

258 587 379 665 recepit,
400 582 521 645 alterins
540 584 718 664 reprobavit.
752 582 810 643 Sed
829 581 886 662 p.‘l
908 579 964 642 Ε4
983 581 1036 643 Β1
1057 583 1178 660 scripsit
1193 582 1403 656 (succurrenti,

258 690 281 752 Β
303 688 323 750 2
346 693 520 770 θεοπρεπῆ,
544 688 788 768 Oecolampadius
817 691 906 750 vertit
929 683 1000 748 ‘deo
1024 682 1167 767 dignam'.
1210 687 1287 766 Ergo
1318 688 1403 748 modo

256 797 393 876 probavit
411 796 499 858 modo
518 799 633 875 respuit
652 814 727 874 quae
746 797 777 855 in
797 793 958 875 Gapnionei
976 797 1108 873 margine
1128 794 1290 854 exstabant.
1324 794 1403 855 Unde

227 878 230 888 Ι
258 905 387 966 eflicitur
406 923 466 965 non
485 902 744 981 Oecolampadirrm
762 921 812 962 eas
836 903 999 980 scripturas
1023 901 1174 961 adiecisse.
1210 900 1252 960 Ac
1276 918 1313 960 ne
1333 899 1403 980 Gap-

258 1013 308 1071 nio
332 1011 451 1090 quidem
475 1029 525 1071 eas
556 1009 727 1090 adscripsit,
756 1027 822 1068 nam
846 1007 964 1068 saeculo
987 1006 1063 1066 XIII.
1091 1009 1149 1066 iam
1177 1009 1208 1067 in
1232 1006 1334 1066 codice
1358 1025 1405 1066 er·

258 1116 387 1199 stabant,
411 1136 469 1196 quo
494 1126 628 1196 tempore
652 1115 819 1176 Marcianus
844 1113 876 1177 Μ
904 1134 941 1174 er
965 1133 1000 1174 eo
1028 1109 1295 1196 descrIbebaturl).
1337 1114 1404 1173 Per·

257 1225 365 1307 multas
384 1228 463 1292 enim
482 1242 584 1284 earum
603 1224 821 1302 serIptnrarum
841 1217 898 1302 (14
917 1221 954 1280 de
974 1214 1031 1300 23)
1051 1223 1082 1280 in
1102 1228 1274 1280 contextum
1293 1223 1405 1299 recepit

259 1331 369 1391 codicis
389 1330 421 1395 Μ
441 1329 588 1391 librarius.
626 1329 705 1399 Quas
730 1348 765 1388 er
789 1331 854 1407 Ipso
869 1327 1017 1388 llareiano
1037 1329 1227 1407 depromptas
1246 1327 1408 1406 Capnionei

261 1439 386 1515 margini
410 1437 574 1517 adsorIptas
601 1456 667 1497 esse
691 1455 778 1496 nemo
807 1454 897 1498 sanus
920 1435 1094 1496 adfirmabit.
1132 1435 1206 1496 Nam
1235 1438 1350 1496 etiamsi
1377 1435 1406 1494 id

261 1544 414 1603 mittamus
438 1561 556 1603 causam
580 1561 639 1603 non
663 1561 742 1622 esse,
771 1561 826 1602 our
848 1543 1032 1621 reliquarum
1059 1544 1275 1621 scrIpturarum
1303 1561 1406 1602 novem

263 1648 351 1708 alium
376 1649 487 1710 sontem
512 1658 689 1710 statuamus:
713 1667 748 1708 ex
772 1648 875 1709 decem
899 1648 983 1710 libris
1006 1651 1073 1728 quis
1097 1648 1232 1708 censebit
1255 1658 1406 1728 quattuor·

261 1755 358 1815 decim
382 1774 560 1835 quemquam
588 1755 722 1815 locorum
745 1758 901 1816 varietates
925 1753 1141 1834 adscripsisse?
1183 1755 1300 1826 Quanto
1323 1756 1407 1835 plura

262 1861 596 1923 alteram·lllouacensis
625 1879 743 1922 manum
772 1881 807 1921 ex
836 1863 1005 1941 Capnioneo
1038 1862 1193 1922 adnotasse
1223 1871 1408 1942 compertum

260 1966 416 2029 babemus!
447 1967 504 2028 Sed
521 1968 598 2028 unde
613 1969 765 2036 duxerunt
779 1969 940 2048 CapnIonei
959 1967 1068 2031 uotae?
1094 1971 1160 2031 Non
1175 1990 1212 2031 cx
1225 1943 1282 2030 alio
1298 1971 1406 2049 codice,

261 2078 376 2157 opinor,
390 2075 442 2136 sed
458 2094 494 2136 ex
509 2075 613 2136 eodem
628 2096 661 2137 ao
676 2077 798 2156 reliqua.
826 2076 975 2137 Facillime
986 2080 1064 2138 eninr
1076 2079 1140 2139 lieri
1153 2081 1260 2159 potuit,
1278 2077 1406 2138 utlibra-

261 2186 325 2244 rius
345 2201 419 2261 quae
438 2201 498 2244 non
518 2194 599 2245 recte
618 2185 816 2264 descripserat
833 2187 865 2244 in
884 2187 1015 2264 margInc
1035 2187 1207 2263 corrigeret.
1245 2183 1288 2245 Ita
1306 2186 1338 2244 in
1357 2185 1407 2244 de·
1462 2174 1464 2179 ⁴

263 2289 419 2351 scribendo
439 2309 554 2352 errasse
574 2290 699 2372 videtur,
719 2309 787 2352 curn
801 2310 829 2370 p.
844 2288 887 2351 22
906 2291 961 2352 CI
983 2293 1159 2352 sententiam
1178 2291 1327 2372 redderet,
1351 2311 1408 2352 non

262 2396 351 2457 rerba
376 2405 405 2457 et
427 2399 468 2457 ita
491 2399 522 2457 in
537 2407 676 2459 contextu
691 2407 816 2476 poneret
835 2395 914 2472 μετὰ
933 2396 1066 2479 βραχέας
1089 2397 1171 2479 dein,
1195 2400 1296 2461 codice
1311 2401 1407 2461 denuo

263 2507 414 2584 inspecto,
443 2507 545 2566 vitium
569 2506 690 2567 sustulit
708 2516 738 2566 et
757 2507 905 2566 adnotavit
926 2505 1025 2582 βραχὺ
1044 2499 1257 2588 προελθώνέ).
1297 2506 1406 2567 Eodem
1489 2491 1492 2497 ⁴
1570 2543 1571 2554 .

265 2611 352 2671 modo
379 2630 407 2690 p.
429 2609 471 2672 29
491 2610 553 2672 u?
582 2613 746 2674 διαλαθεῖν
767 2613 972 2691 neglegentius
996 2615 1165 2694 sorIpserat,
1191 2613 1243 2672 sed
1268 2617 1408 2674 continuo

265 2719 430 2791 διαμαθεῑν
445 2721 587 2797 reposuit.
623 2719 783 2799 Perpaucis
803 2737 873 2780 sane
896 2718 969 2779 loeis
992 2721 1111 2796 ingenio
1131 2737 1184 2778 suo
1204 2719 1275 2780 mibi
1295 2721 1410 2781 videtur

264 2823 423 2885 indulsisse
443 2833 473 2885 et
487 2833 652 2886 commenta
667 2843 720 2885 sua
735 2825 937 2904 adscripsisse.
965 2824 1008 2884 Ita
1026 2844 1054 2904 p.
1070 2822 1088 2884 'l
1113 2823 1137 2884 E
1151 2822 1173 2884 4
1196 2829 1226 2886 in
1242 2827 1410 2907 Capnioneo

268 2951 301 2992 re
325 2949 394 2992 vera
412 2933 504 2993 luisse
528 2949 635 2992 censeo
660 2934 875 3008 εεμνοπρεπῆ,
900 2932 978 3010 quod
1004 2930 1036 2992 Μ
1060 2939 1090 2991 et
1114 2930 1137 2992 Β
1159 2930 1175 2990 1
1202 2933 1356 3015 exhibent,
1383 2943 1412 2994 et

264 3059 368 3101 vocem
390 3041 489 3120 paullo
513 3044 656 3100 rariorem
680 3059 694 3100 a
714 3039 834 3100 librario
857 3041 888 3099 in
913 3040 1075 3114 θεοπρεπῆ
1100 3047 1242 3100 mutatam
1264 3059 1340 3101 esse.

353 3147 414 3207 Iam
445 3165 515 3207 rero
545 3146 618 3206 rnibi
648 3145 795 3224 agendum
826 3155 871 3206 est
898 3145 934 3206 de
961 3145 1114 3207 codichus
1140 3146 1251 3208 Veneto
1276 3145 1339 3209 122
1359 3141 1412 3230 (V)

198 3263 199 3266 ’
266 3264 295 3316 et
320 3254 499 3314 Scorialensi
521 3251 561 3315 Ψ.
582 3287 624 3296 -
647 3251 696 3313 lu.
719 3285 755 3296 -
785 3248 834 3313 12.
857 3245 924 3335 (Ψ)
961 3253 1042 3323 Quos
1067 3255 1175 3314 artiore
1200 3255 1328 3333 quodam
1351 3259 1411 3316 viu·

266 3360 332 3421 culo
353 3363 431 3422 inter
450 3380 481 3420 se
497 3363 643 3422 contineri
663 3379 749 3420 nemo
769 3362 877 3421 infitias
896 3362 940 3420 ire
955 3359 1041 3442 volet,
1060 3363 1111 3439 qui
1131 3364 1294 3441 scripturas
1309 3381 1412 3423 eorum

265 3470 463 3548 inapparatu
487 3470 591 3528 critico
615 3467 763 3547 adpositas
787 3469 866 3528 inter
889 3485 921 3526 se
946 3467 1105 3528 contulerit
1129 3477 1247 3528 etcum
1265 3468 1412 3530 Marciano

268 3571 309 3635 M.
343 3571 626 3634 Luculentissimum
655 3584 755 3635 autem
782 3573 950 3652 exemplum
979 3581 1074 3634 exstat
1096 3593 1124 3653 p.
1144 3571 1234 3654 4413,
1263 3575 1313 3636 ubi
1341 3576 1412 3634 baec

267 3679 407 3757 leguntur
430 3683 460 3739 in
483 3679 631 3740 Marciano
656 3679 702 3741 M:
738 3679 828 3758 μητρὶ
851 3678 912 3756 γὰρ
941 3676 1065 3741 δΖεὺε
1088 3678 1199 3758 ἐμίχθη
1227 3680 1278 3742 καὶ
1301 3684 1411 3744 παιδο-

267 3783 480 3863 ποιηεάμενοε
499 3785 532 3849 ἐξ
552 3784 648 3863 αὐτῆ(
668 3784 765 3863 ἔγημε
784 3786 841 3863 μὲν
861 3784 957 3847 αὐτὸ(
976 3786 1034 3863 τὴν
1053 3783 1152 3847 αὐτοῦ
1173 3784 1284 3869 (scribe
1300 3784 1410 3867 αὑτοῦ)

165 3945 168 3952 .
267 3892 434 3969 θυγατέρα,
449 3893 572 3969 μᾶλλον
588 3893 622 3955 δὲ
638 3891 716 3955 οὐδὲ
732 3890 848 3970 ἔγημεν
859 3891 956 3955 αὐτὸ(
970 3893 1028 3968 τὴν
1043 3891 1141 3955 αὐτοῦ
1158 3887 1231 3976 (sie)
1246 3894 1410 3969 θυγατέρα,

269 3998 353 4062 ἀλλὰ
371 3998 490 4077 μιχθεὶς
509 3998 620 4063 ἁπλῶε
639 3998 728 4082 ἄλλῳ
747 4001 977 4077 παραδέδωκεν
997 3997 1106 4078 αὐτήν.
1137 4001 1270 4060 Eandem
1289 4005 1410 4080 scrIptu-

342 4264 474 4340 1)‘Quem
493 4264 647 4333 Oapnionei
666 4221 850 4334 cpdgrcphon
870 4279 930 4316 esse
949 4262 1022 4316 infra
1040 4262 1174 4330 probabo.

341 4357 368 4423 2)
390 4356 535 4422 προελθὼν
555 4355 591 4408 M.
611 4355 758 4421 παρελθὼν
778 4353 837 4408 32.
872 4353 922 4405 82
946 4351 975 4405 in
995 4352 1178 4406 describenda
1196 4351 1348 4421 scripturae
1367 4365 1408 4402 ra-

269 4443 371 4497 rietate
389 4443 417 4496 h.
431 4443 450 4496 1.
470 4459 576 4498 errasse
594 4442 672 4496 ridet
707 4484 711 4494 .
