3192 4906
256 279 321 342 no
639 314 646 325 .
756 279 897 349 capuan.

255 447 455 507 Animadverti
484 454 582 508 antem
610 449 702 528 iuvat,
731 466 818 526 quem
843 449 1005 507 servaverit
1027 447 1158 507 lulianus
1185 449 1216 507 in
1240 445 1401 508 tractandis

257 555 381 616 deorum
400 555 485 615 donis
500 555 715 615 sententiarum
730 554 873 614 ordinem.
905 554 1012 634 Incipit
1027 556 1104 614 enim
1125 553 1161 614 ab
1181 557 1404 615 enumeratione

256 682 358 723 earum
382 681 484 723 rerum
508 680 582 741 qnae
604 663 725 741 paganis
749 662 815 722 data
839 665 912 722 sint:
935 680 969 722 ac
992 664 1120 741 primurn
1141 662 1260 740 quidem
1284 679 1404 721 enume-

255 778 302 830 rat
324 769 451 850 litteraS,
480 769 586 830 deinde
615 771 695 829 viros
723 771 753 828 in
783 788 815 829 re
843 768 961 848 publica
986 767 1177 842 excellentes
1206 770 1328 830 tertium
1356 787 1405 828 res

257 895 355 936 sacras
363 869 397 960 ¹).
436 875 551 946 Quibus
574 877 692 936 inverso
712 875 815 935 ordine
840 876 962 954 opponit
980 873 1156 934 ludaeorum
1176 883 1206 934 et
1225 873 1404 935 Christiano·

257 1002 323 1042 rum
347 982 445 1042 lesum
467 983 660 1064 Nazarenum,
684 1001 746 1042 rem
770 981 933 1060 publicam,
957 981 1078 1042 litteras.
1116 981 1157 1041 hc
1176 981 1213 1041 de
1237 979 1406 1059 republica

258 1089 356 1149 tribus
380 1091 439 1168 agit
462 1091 643 1169 fragmentis.
680 1089 753 1148 Nam
781 1089 843 1148 fere
872 1107 990 1168 semper
1017 1090 1047 1147 in
1077 1087 1201 1147 aliorum
1228 1087 1405 1167 populorum

258 1203 406 1274 potestate
426 1205 526 1256 narrat
549 1198 641 1256 fuisse
660 1195 784 1256 Iudaeos
804 1195 841 1274 fg.
857 1192 953 1256 2091]
969 1214 1046 1276 sqq.;
1071 1213 1149 1255 nrrne
1169 1196 1247 1253 enim
1266 1194 1406 1254 Romanis

258 1321 309 1361 eos
338 1321 404 1363 esse
433 1295 609 1383 subditos2).
653 1301 756 1380 Neque
785 1304 882 1362 minus
912 1301 1008 1361 lesum
1032 1300 1216 1360 Nazarenum
1244 1303 1274 1360 in
1303 1319 1407 1360 eorum

259 1427 383 1469 numero
407 1409 508 1488 fuisse,
532 1410 583 1487 qni
602 1407 801 1469 Romanorum
826 1409 998 1488 imperatori
1021 1407 1160 1468 oboedire
1184 1415 1286 1468 essent
1304 1409 1406 1468 coacti.

260 1513 302 1574 Ea
327 1521 434 1594 autem,
458 1513 567 1592 quibus
590 1513 619 1573 id
644 1515 803 1593 exponitur
826 1513 931 1574 luliani
954 1513 1056 1594 verba,
1080 1514 1118 1593 fg.
1133 1509 1232 1575 213Α
1248 1499 1325 1596 sqq,
1348 1533 1406 1592 quo

261 1621 375 1681 facilius
407 1640 475 1682 cum
509 1621 752 1682 antecedentibus
780 1623 1047 1701 coniungerentur,
1083 1619 1213 1700 paullum
1248 1620 1334 1681 modo
1367 1623 1408 1681 ita

260 1731 445 1810 mutaverim,
468 1736 501 1789 ut
524 1728 622 1789 verbis
646 1723 664 1787 ὁ
688 1722 767 1802 παρ’
790 1724 863 1803 ὑμῖν
887 1723 1118 1803 κηρυττόμενος
1143 1723 1256 1803 Ἰηεοῦε
1280 1731 1408 1808 particu-

260 1833 317 1895 lam
342 1831 393 1895 καὶ
415 1837 651 1916 praemitterem,
677 1851 751 1912 quae
776 1829 888 1894 ‘etiam'
912 1834 1056 1894 hocloco
1081 1833 1269 1912 significaret.
1306 1835 1408 1913 Neque

261 1961 331 2002 vero
355 1943 428 2002 ferri
455 1960 543 2022 posse
572 1950 630 2002 tam
655 1943 870 2001 miserumrei
897 1941 1032 2020 publicae
1062 1950 1171 2003 statum
1198 1960 1231 2001 ac
1256 1960 1293 2001 ne
1317 1960 1409 2002 unum

261 2048 379 2137 quidem
413 2050 540 2109 inveniri
573 2049 649 2128 apud
678 2047 802 2109 ludaeos
830 2048 949 2129 ducem,
982 2050 1033 2126 qui
1066 2067 1133 2109 cnm
1167 2047 1331 2112 Alexandro
1359 2056 1410 2108 aut

261 2155 387 2216 Caesare
408 2153 537 2216 conferri
556 2157 660 2236 possit,
678 2174 706 2233 p.
721 2151 785 2215 218
797 2172 861 2233 sqq.
885 2154 1020 2232 explanat
1039 2154 1177 2214 lulianus.
1215 2153 1288 2214 Dein
1313 2154 1409 2215 tribus

263 2281 339 2341 quae
363 2270 530 2341 sequuntur
553 2261 726 2339 fragmentis
750 2259 786 2319 de
811 2259 917 2321 litteris
941 2263 1000 2340 agit
1021 2260 1198 2321 ludaeorum
1222 2270 1252 2322 et
1271 2261 1409 2322 Christia-

261 2386 381 2449 norum3
411 2375 527 2428 exstant
550 2375 648 2427 autem
676 2367 749 2426 haec
773 2367 936 2446 fragmenta
959 2387 988 2446 p.
1003 2365 1066 2428 221
1081 2367 1104 2428 Ε
1120 2387 1197 2449 sqq,
1220 2365 1286 2428 224
1300 2368 1321 2428 C
1336 2388 1410 2449 sqq,

262 2473 357 2537 2290
374 2494 436 2553 sqq.
477 2473 610 2545 Quorum
630 2477 760 2553 primum
780 2474 850 2553 quid
870 2472 926 2534 sibi
946 2474 1016 2534 velit
1030 2475 1150 2548 ‚frustra
1169 2493 1274 2538 eruere
1299 2474 1409 2535 labora-

262 2585 350 2664 veris,
373 2583 431 2642 nisi
455 2580 543 2641 verba
562 2579 666 2640 Iuliani
685 2601 713 2660 p.
728 2579 825 2642 221Ε
850 2581 980 2641 codicem
1000 2579 1181 2642 Marcianum
1202 2577 1265 2642 123
1290 2590 1410 2642 secutus

262 2692 303 2750 ita
328 2689 533 2749 constitueris:
557 2681 665 2747 ott’o
688 2689 743 2763 τῆ(
767 2685 928 2748 πολιτεία(
948 2685 1061 2763 oceno(
1084 2685 1135 2748 καὶ
1157 2684 1257 2748 τύπος
1276 2689 1342 2748 τῶν
1365 2689 1409 2747 δι-

263 2792 448 2871 καετηρίων,
470 2793 490 2869 ἡ
514 2792 550 2854 δὲ
569 2791 642 2869 περὶ
665 2791 721 2854 τὰ(
741 2791 851 2854 πόλει(
870 2791 1035 2869 οἰκονομία
1053 2791 1103 2854 καὶ
1122 2791 1160 2854 τὸ
1184 2791 1309 2871 κάλλος,
1332 2793 1351 2871 ἡ
1374 2793 1409 2854 δὲ

263 2901 300 2963 ἐν
322 2903 390 2963 τοῖς
410 2900 585 2977 μαθήμαειν
604 2897 742 2962 triboci(
766 2897 826 2976 οὐχ
844 2898 997 2978 Ἑβραίων
1015 2899 1073 2976 μὲν
1091 2899 1131 2978 ἦν
1149 2895 1243 2962 ἀθλία
1266 2899 1317 2961 καὶ
1337 2903 1408 2977 βορ-

268 3008 390 3086 βαρική;
429 3007 562 3068 'l'ertium
587 3014 686 3067 autem
710 3009 907 3087 fragmentum
929 3005 1024 3068 2299
1040 3026 1102 3086 sqq.
1127 3007 1231 3067 lacuna
1254 3007 1409 3068 discissum

263 3124 310 3176 est
332 3113 397 3176 229
411 3114 444 3176 Ε.
482 3113 539 3174 Ubi
564 3116 643 3174 enim
671 3117 764 3176 vetuit
787 3114 918 3175 lulianus
941 3115 1125 3175 Christianos
1148 3114 1275 3174 Graecas
1297 3113 1410 3174 litteras

265 3223 397 3304 edoceri,
427 3228 594 3301 sequuntur
622 3219 723 3300 Cyrilli
750 3221 839 3281 verba
867 3219 918 3281 καὶ
947 3217 1020 3298 μεθ’
1042 3219 1143 3297 ἕτερον.
1189 3219 1263 3280 Dein
1292 3223 1411 3300 exponit

339 3431 365 3498 ν)
389 3429 419 3484 P.
439 3430 525 3483 aoox
549 3429 662 3482 exstans
687 3427 758 3483 haee
781 3427 883 3481 mnam
906 3427 940 3481 ae
964 3413 1131 3496 Aesculapio
1154 3425 1252 3481 verba.
1281 3428 1360 3480 anaor
1378 3443 1410 3492 με

267 3523 366 3586 μικροῦ
386 3519 419 3570 τὸ
435 3519 561 3584 μέγιετον
579 3522 638 3570 τῶν
654 3517 745 3570 Ἡλίου
765 3519 809 3569 καὶ
825 3517 892 3569 Διὸ(
911 3517 1019 3583 δώρων.
1049 3515 1154 3581 Quibus
1169 3532 1184 3569 e
1199 3515 1299 3584 verbis,
1318 3514 1411 3585 impri·

265 3607 319 3662 mis
335 3609 430 3660 autem
444 3622 486 3673 eo,
502 3605 577 3673 quod
590 3604 664 3660 inter
678 3621 707 3658 se
723 3607 919 3672 comparantur
933 3603 1116 3673 Aesculapius
1131 3607 1160 3658 et
1174 3603 1309 3672 Christus,
1323 3620 1410 3672 neque

266 3695 360 3750 minus
380 3693 480 3761 exiis,
499 3693 619 3762 quaein
639 3694 846 3762 comparatione
866 3694 900 3749 de
919 3693 1085 3763 Aesculapio
1107 3691 1315 3763 praedicantur,
1337 3692 1412 3746 lucu-

266 3783 421 3840 lentissime
431 3783 557 3853 apparet,
572 3783 736 3853 religionem
751 3782 841 3852 magis
851 3800 934 3852 quam
945 3782 1151 3852 philosophiam
1166 3783 1249 3837 fuisse
1259 3780 1412 3835 doctrinam

265 3889 350 3942 quam
369 3888 501 3926 vocamus
519 3871 751 3942 neoplatcnicam.
785 3871 861 3936 Quas
876 3871 968 3940 qualis
987 3869 1080 3938 fuerit,
1099 3871 1167 3938 quid
1185 3869 1306 3925 voluerit
1324 3885 1412 3938 neque

265 3961 369 4018 rectius
387 3957 477 4030 nequ'e
495 3960 616 4030 pressius
631 3961 739 4016 definiri
756 3978 839 4031 posse
858 3977 956 4015 censeo
975 3977 1060 4028 quam
1079 3959 1113 4013 iis
1131 3959 1225 4014 verbis
1245 3976 1316 4028 quae
1336 3975 1413 4012 occa-

265 4044 343 4107 sione
356 4052 424 4107 data
437 4049 568 4105 Alfredus
582 4051 617 4105 de
631 4050 798 4105 Gntschmid
811 4049 1016 4119 pronuntiavit:
1038 4049 1100 4104 ‘der
1113 4049 1362 4118 Neuplatonismus
1375 4049 1413 4100 ist

265 4140 327 4196 eine
346 4139 568 4210 Contreroh'gion
586 4157 678 4210 gegen
696 4125 745 4194 das
765 4138 996 4194 Christenthum’.

338 4233 365 4301 2)
385 4231 446 4285 Huc
466 4232 593 4299 spectant
611 4246 653 4298 ea,
673 4247 744 4300 quae
763 4247 796 4284 ex
815 4227 956 4282 Theodori
970 4227 1159 4296 Mopsuesteni
1177 4227 1313 4281 librorum
1332 4225 1414 4280 Iulia-

268 4337 383 4375 neorum
403 4319 570 4373 refutatione
590 4320 701 4373 exstant
718 4319 747 4372 in
760 4315 907 4371 Fritzscbii
926 4315 1049 4372 editione
1069 4333 1169 4372 comm.
1189 4315 1218 4369 in
1233 4315 1267 4368 N.
1283 4315 1315 4368 Τ.
1333 4334 1360 4384 p.
1373 4321 1415 4382 11,

266 4415 299 4462 aa
312 4414 402 4476 -12,
421 4413 445 4462 o.
