3192 4906
545 267 587 324 De
606 266 708 325 Iuliani
727 266 805 325 libris
823 267 1011 354 restituendis.
1291 270 1356 333 115

208 437 339 516 fugerint
363 435 531 498 Christiani.
573 411 669 517 Atque
693 438 749 499 hoc
773 438 893 516 quidem
916 437 981 498 loco
1005 456 1020 497 a
1048 438 1199 518 proposita
1223 439 1356 498 oratione
1471 432 1474 438 ’

207 542 360 621 digressus
379 542 527 604 invehitur
546 542 677 604 Iulianus
701 545 732 603 in
752 543 952 626 Christianos,
975 543 1053 623 quod
1073 543 1227 604 hirudines
1252 545 1357 605 imitati

208 669 243 710 ex
263 649 444 711 Graecorum
469 659 499 711 et
518 649 695 712 ludaeorum
714 650 859 712 doctrinis
882 654 912 712 in
937 670 1023 712 usum
1044 670 1130 712 suum
1155 653 1358 713 converterint

207 759 359 836 pessimas.
397 756 492 828 Quam
516 757 731 836 digressionem
752 777 811 819 non
835 767 948 820 temere
972 778 987 819 a
1012 758 1097 819 nobis
1121 759 1220 839 statui,
1244 757 1296 818 sed
1320 757 1356 817 ab

207 866 272 944 ipso
296 864 409 925 iuliano
433 883 498 926 esse
521 864 684 945 proiectam
708 865 912 926 demonstrant
934 867 999 926 eius
1022 865 1124 946 verba,
1148 865 1198 926 ubi
1221 866 1299 926 redit
1321 864 1356 924 ad

207 973 393 1050 propositum
416 991 444 1052 p.
460 968 557 1032 2091)
586 967 669 1054 ἀλλὰ
691 973 788 1033 τοῦτο
813 969 870 1047 μὲν
893 968 951 1033 οὐκ
974 966 1036 1032 οἶδ’
1058 967 1134 1032 ὅθεν
1158 967 1265 1045 ὥοπερ
1289 967 1355 1031 ἐπι-

207 1075 386 1155 πνεόμενο(
415 1074 633 1154 ἐφθεγξάμην,
666 1074 742 1141 ὅθεν
771 1077 806 1139 δὲ
836 1076 959 1155 ἐξέβην,
988 1073 1036 1138 ὅτι
1069 1075 1150 1153 πρὸς
1178 1075 1254 1137 τοὺ(
1283 1072 1356 1138 Ἰου-

207 1167 318 1246 δαίου(
342 1181 580 1263 ηὐτομολήεατε
604 1181 665 1245 κτὲ.
703 1184 763 1246 lam
784 1186 946 1265 quaeritur,
970 1203 1045 1264 quae
1065 1185 1155 1246 iecerit
1178 1185 1356 1272 fragmento·

207 1309 274 1352 rum
299 1293 403 1352 series.
440 1290 554 1351 Dixerit
579 1300 678 1353 autem
699 1293 845 1372 quispiam
865 1290 987 1352 dubium
1008 1309 1073 1352 esse
1093 1310 1153 1352 non
1175 1310 1264 1372 posse
1284 1294 1356 1372 quin

206 1405 275 1477 post
303 1397 499 1477 fragmentum
523 1394 622 1458 201Ε
643 1417 685 1477 sq.
715 1398 886 1477 ponendum
915 1400 954 1459 sit
981 1399 1019 1477 ig.
1040 1395 1141 1460 2050
1158 1417 1235 1479 sqq.;
1263 1401 1357 1479 ipsius

206 1505 285 1565 enim
300 1513 417 1564 exstare
432 1504 532 1584 Cyrilli
547 1504 635 1565 verba
651 1525 678 1585 p.
690 1502 790 1567 205ss
811 1501 1006 1582 προεεπάγει
1020 1503 1056 1566 δὲ
1075 1503 1201 1568 τούτοις
1221 1501 1239 1565 ὁ
1256 1503 1356 1581 (οφόε

206 1606 377 1672 Ἰουλιανὸς
402 1608 495 1687 ἕτερα
514 1606 594 1672 ἄττα
613 1608 674 1673 κτὲ.
713 1611 829 1683 Quibus
847 1631 880 1673 re
903 1631 971 1672 vera
990 1613 1069 1672 effici
1091 1615 1163 1692 poni
1185 1630 1245 1672 non
1268 1629 1356 1692 posse

107 1733 112 1741 ·
206 1718 244 1796 ig.
260 1714 364 1778 205ss
389 1726 456 1779 ante
484 1718 522 1797 ig.
543 1715 642 1780 201Ε
672 1721 791 1780 minime
816 1738 904 1800 ueg03
938 1719 990 1778 sed
1023 1717 1126 1780 lacuna
1158 1719 1237 1780 nulla
1265 1722 1355 1780 inter·

206 1826 302 1904 posita
325 1826 483 1886 coniuncta
507 1825 598 1886 inisse
622 1825 679 1904 igg.
695 1820 794 1886 201ss
820 1833 849 1886 et
873 1822 972 1887 2052
995 1825 1176 1905 persuadere
1201 1825 1273 1890 mibi
1295 1845 1356 1888 non

206 1949 336 2010 possum.
373 1929 480 2010 incipit
503 1939 601 1992 autem
629 1933 670 1990 ita
693 1932 731 2010 ig.
752 1928 865 2020 2Q5E:
894 1928 1023 2007 ἁγνεία(
1048 1931 1105 2007 μὲν
1134 1929 1209 1993 οὐδὲ
1238 1929 1299 2009 γὰρ
1328 1929 1356 1994 εἰ

207 2034 376 2113 πεποίηται
396 2037 518 2115 μνήμην
538 2034 711 2100 ἐπίεταεθε.
744 2037 818 2109 Quis
837 2047 936 2100 autem
956 2040 1100 2121 fueritis,
1119 2038 1155 2099 de
1175 2057 1234 2117 quo
1254 2046 1355 2100 utrum

207 2146 390 2205 mentionem
411 2145 516 2205 iecerit
535 2147 745 2206 sanctimoniae
765 2144 956 2206 dubitabatur
976 2164 1079 2226 neone,
1098 2146 1219 2205 minime
1238 2143 1357 2206 dicitur.

208 2249 309 2311 Solum
345 2259 444 2312 autern
474 2249 584 2312 Christi
617 2251 741 2312 verbum
769 2271 835 2313 esse
868 2271 956 2333 posse
989 2252 1077 2314 huius
1109 2255 1255 2313 enuntiati
1287 2252 1355 2314 sub·

156 2395 162 2402 -
206 2359 317 2418 iectum
330 2376 417 2418 nemo
438 2357 564 2437 negabit.
603 2358 687 2430 Otrod
709 2357 846 2420 facillime
862 2379 896 2420 ex
917 2361 953 2420 iis
969 2377 1043 2439 quae
1059 2358 1239 2421 antecedunt
1257 2367 1355 2439 potest

207 2465 349 2547 suppleri,
372 2467 398 2526 si
421 2483 455 2525 ea
479 2465 515 2525 de
535 2464 643 2545 quibus
663 2465 750 2526 modo
769 2468 884 2545 egimus
903 2464 1007 2526 iuliani
1031 2465 1119 2526 rerba
1142 2468 1238 2547 posita
1262 2467 1354 2528 tuisse

170 2588 172 2593 ·
207 2574 365 2634 statuimus
379 2573 458 2633 inter
472 2572 530 2651 igg.
541 2568 605 2632 201
621 2580 651 2633 et
662 2568 766 2655 boon,
780 2590 815 2633 ea
825 2572 939 2633 seilicet
948 2569 1063 2649 Iuliani,
1077 2562 1152 2654 quae
1167 2592 1195 2653 p.
1208 2569 1301 2634 191o
1312 2592 1355 2652 sq.

207 2697 267 2740 non
295 2696 349 2739 suo
377 2677 443 2738 loco
470 2679 671 2740 inveniuntur.
719 2677 804 2749 Quod
833 2681 858 2740 si
891 2678 963 2739 mibi
991 2679 1179 2761 conceditur,
1209 2682 1298 2742 etiam
1325 2680 1355 2740 id

208 2784 372 2865 lucramur,
396 2783 474 2863 quod
498 2803 578 2845 nuno
600 2783 836 2864 Christianorum
860 2787 1078 2848 accusationem
1098 2788 1202 2866 incipit
1224 2785 1355 2848 lulianus

206 2909 222 2951 a
233 2890 343 2952 Christi
353 2892 578 2970 vituperatione,
594 2909 683 2971 quem
695 2883 767 2952 nibil
782 2891 861 2953 atiud
871 2893 978 2954 iecisse
989 2894 1062 2954 dicit
1071 2895 1212 2954 memoria
1224 2895 1355 2976 dignum,

207 3000 265 3058 nisi
279 2997 358 3076 quod
373 3001 504 3078 aegrotis
517 2998 688 3060 hominibus
703 2999 866 3061 medicatus
881 3009 961 3062 esset
974 3002 1085 3080 paucis.
1112 2999 1215 3079 ltaque
1231 3019 1264 3061 ea
1279 3019 1355 3080 quae

207 3105 343 3166 Christus
375 3106 487 3166 iecerat
518 3108 629 3185 optime
664 3125 743 3167 nune
774 3116 966 3187 opponuntur
993 3106 1083 3168 rebus
1117 3106 1153 3167 ab
1181 3107 1355 3186 Aesculapio

205 3213 357 3292 praeclare
385 3214 492 3293 gestis,
520 3212 556 3273 de
585 3211 694 3291 quibus
717 3221 818 3292 egerat
844 3212 975 3274 lulianus
998 3215 1163 3292 fragmento
1188 3210 1287 3275 20οΑ
1302 3233 1355 3297 sq,

207 3337 223 3378 a
247 3337 306 3398 quo
336 3320 493 3379 transierat
520 3317 556 3378 ad
579 3317 756 3381 ludaeorum
781 3329 810 3381 et
834 3319 1069 3382 Christianorum
1100 3322 1353 3400 vituperationem.

207 3423 310 3485 Restat
333 3432 432 3485 autem
451 3424 609 3486 difficultas
631 3427 662 3486 in
686 3426 858 3506 fragmentis
878 3426 1101 3510 coniungendis,
1124 3429 1181 3487 nisi
1203 3428 1235 3487 in
1249 3426 1355 3488 iuliani

207 3531 305 3592 verbis
327 3550 355 3610 p.
371 3527 468 3592 205n
492 3532 626 3608 Ζηλοῡτε
651 3531 686 3594 δὲ
710 3531 818 3596 αὐτῶν
836 3532 912 3596 τοὺ(
935 3532 1053 3610 θυμοὺς
1072 3533 1179 3594 scribis
1202 3529 1354 3596 ἰουδαίων

206 3656 262 3718 pro
277 3634 392 3699 αὐτὼν.
430 3638 471 3698 Αο
490 3638 627 3700 traditam
648 3643 826 3721 scripturam
842 3661 878 3702 ne
899 3648 962 3702 tum
977 3640 1096 3721 quidem
1117 3641 1189 3702 ierri
1207 3660 1304 3724 posse,
1327 3643 1354 3702 si

206 3747 244 3826 ig.
261 3742 363 3806 205E
383 3747 524 3807 continuo
544 3749 629 3826 sequi
649 3767 771 3809 censeas
790 3749 988 3828 fragmentum
1007 3745 1069 3809 201
1082 3746 1115 3827 E,
1134 3748 1202 3808 inde
1222 3757 1354 3830 apparet,

206 3852 285 3932 quod
309 3851 477 3913 subiectum
500 3871 603 3914 eorum
628 3872 703 3932 quae
731 3855 912 3917 antecedunt
937 3853 1096 3915 verborum
1127 3851 1154 3916 εἰ
1183 3851 1353 3930 πεποίηται

206 3958 329 4036 μνήμην
357 3958 479 4020 dubium
508 3978 567 4020 uon
596 3969 643 4020 est
670 3962 742 4039 quin
770 3962 809 4021 sit
832 3960 976 4022 Christus.
1013 3959 1074 4021 lam
1103 3979 1171 4022 vero
1199 3960 1235 4021 ad
1263 3962 1353 4022 finem

205 4064 350 4144 perducta
373 4063 556 4144 digressione
581 4065 616 4126 ad
645 4069 831 4146 propositum
860 4067 938 4128 redit
961 4065 1091 4128 Iulianus
1115 4067 1153 4146 ig.
1173 4064 1272 4130 2091]
1287 4086 1352 4147 sqq.

205 4165 357 4252 Transit¹)
390 4180 489 4233 autem
528 4171 563 4232 ad
601 4174 858 4252 perstringendam
890 4172 1066 4235 ludaeorum
1099 4192 1163 4235 rem
1195 4172 1352 4253 publicam.

279 4309 304 4375 1)
325 4305 386 4376 Oyr.
404 4306 489 4361 2090
512 4310 649 4375 περιιετὰε
673 4309 703 4362 δὲ
720 4309 803 4362 πάλιν
825 4308 876 4362 τὰ(
898 4311 964 4363 καθ’
987 4312 1074 4377 ἡμῶνΙ
1090 4309 1228 4377 λοιδορία(
1251 4310 1295 4363 ἐπὶ
1317 4310 1352 4363 τὸ

205 4397 283 4467 αὐτῷ
302 4398 405 4449 δοκοῦν
423 4397 499 4450 οὕτω
518 4397 609 4464 φηείν.

1102 4486 1139 4544 8*
