3194 4904
230 303 250 364 6
734 301 826 371 Caput
843 301 864 356 Ι.

231 466 300 543 μὲν,
329 463 355 526 ῶ
380 466 536 542 Φωτεινὲ,
567 465 700 529 πιθανός
729 465 828 547 φαίνῃ
856 465 907 528 καὶ
935 445 1109 540 έγγύτατος
1137 467 1195 526 τοῦ
1220 463 1378 540 ςῶζεςθαι,

231 571 267 635 εύ
291 575 394 635 ποιῶν
418 572 454 635 ἐν
478 573 578 654 μήτρᾳ
602 576 752 650 μηδαμῶς
772 571 908 647 εἰςάγειν
927 571 965 635 ὃν
985 570 1166 634 ἐπίςτευςας
1186 571 1275 635 θεὸν·
1299 569 1377 633 Διό·
1458 651 1459 656 ¹

232 683 336 757 δωρος
355 680 390 742 δὲ
411 677 429 742 δ
448 683 506 742 τοῦ
528 678 714 757 Ναζωραίου
734 677 834 756 μάγος
858 677 954 756 αὐτῆς
973 680 1234 740 καλλωπιςτικοῑς
1258 675 1377 754 μαγγά-

232 805 300 849 νοις
315 783 443 849 ἀκονῶν
451 763 656 863 ’παραδοξίαν
670 783 743 850 ὀξὺς
763 783 910 862 ἀνεφάνη
932 785 1080 862 ςοφιςτὴς
1095 781 1256 861 θρηςκείας
1270 781 1377 862 ἀγροί-

231 911 297 955 κου.
340 892 399 954 lam
428 912 499 954 vero
528 896 631 974 paucis
660 893 757 953 verbis
781 895 959 954 intermissis
986 893 1084 973 „quod
1109 895 1134 953 si
1158 888 1262 953 nobis“
1283 895 1380 972 inquit

232 999 386 1082 „opitulati
410 1000 521 1060 luerint
539 1000 580 1060 dii
604 1007 634 1059 et
657 999 728 1059 deae
748 1007 778 1060 et
796 1018 897 1060 musae
917 1017 1019 1059 omnes
1040 1005 1069 1059 et
1092 999 1220 1079 fortuna,
1243 999 1379 1060 ostende-

232 1125 299 1167 mus
322 1109 471 1167 infirmum
494 1115 523 1167 et
547 1113 752 1186 corruptorem
776 1106 875 1185 legum
899 1113 929 1166 ct
951 1101 1100 1166 rationum
1119 1114 1149 1166 et
1173 1109 1381 1186 mysteriorum

232 1232 414 1294 paganorum
434 1221 464 1273 et
483 1213 608 1288 deorum
630 1207 849 1295 infernorum1)
869 1220 899 1273 et
916 1212 1000 1273 illum
1019 1232 1128 1274 novum
1152 1216 1216 1273 eius
1240 1207 1295 1294 (so.
1314 1213 1380 1274 Dio·

234 1313 313 1401 dori)
343 1320 431 1379 deum
456 1318 631 1401 Galilaeum,
662 1336 750 1399 quem
773 1325 927 1380 aeternum
957 1319 1089 1381 fabulose
1117 1313 1310 1403 praedicat²)‚
1337 1322 1380 1380 in-

235 1425 322 1506 digna
346 1431 441 1485 morte
461 1435 491 1487 et
511 1425 663 1505 sepultura
683 1425 863 1487 denudatum
884 1427 1025 1487 confictae
1049 1445 1066 1486 a
1084 1426 1213 1487 Diodoro
1237 1422 1382 1489 deitatis“.

234 1532 358 1595 Graece:
383 1529 415 1594 Εἰ
439 1529 548 1594 τοίνυν
571 1531 646 1608 ἡμῖν
670 1529 833 1608 ἐπίκουροι
857 1532 1044 1610 γενήςονται
1068 1531 1136 1595 θεοὶ
1160 1531 1209 1598 καὶ
1233 1531 1302 1595 θεαὶ
1326 1532 1377 1594 καὶ

235 1639 359 1702 Μούςαι
388 1639 484 1701 πάςαι
503 1637 554 1701 καί
578 1637 678 1717 Τύχη,
708 1637 853 1716 δείξομεν
876 1636 992 1716 ἀςθενῆ
1021 1639 1072 1702 καὶ
1101 1641 1250 1716 λυμεῶνα
1273 1637 1382 1716 νόμων

234 1745 285 1808 καὶ
309 1743 417 1821 λόγων
440 1744 491 1808 καὶ
511 1743 687 1822 μυςτηρίων
705 1744 897 1822 Ἑλληνικῶν
915 1746 966 1807 καί
987 1748 1071 1809 θεῶν
1092 1744 1232 1822 χθονίων
1255 1746 1383 1809 καὶτὸν

181 1838 184 1843 ’
235 1853 313 1916 νέον
342 1849 441 1915 αὐτοῦ
474 1851 550 1915 θεὸν
580 1852 762 1934 Γαλιλαῖον,
791 1851 830 1915 ὃν
858 1850 990 1915 αἰώνιον
1023 1857 1177 1930 μυθωδῶς
1206 1855 1383 1931 δοξολογεί,

234 1957 354 2040 ἀναξίῳ
387 1955 515 2040 θανάτῳ
548 1958 599 2020 καί
629 1963 716 2041 ταφῇ
751 1955 1024 2035 ἀπογυμνωθέντα
1053 1963 1109 2037 τῆς
1138 1958 1383 2037 ςυμπλαςθείςης

234 2065 298 2129 ύπὸ
322 2064 495 2144 Διοδώρου
520 2063 679 2143 θεότητος.
717 2066 832 2138 Quibus
856 2067 954 2128 verbis
978 2067 1057 2147 quod
1080 2070 1261 2129 inanimum
1285 2088 1317 2130 se
1340 2072 1383 2130 in-

236 2176 357 2236 duxisse
371 2177 616 2255 pronuntiaverat
629 2174 759 2235 lulianus
774 2176 909 2257 perfecit,
928 2194 997 2235 cum
1012 2175 1114 2236 relicta
1130 2175 1385 2257 Constantinopoli

236 2300 291 2362 per
313 2280 472 2341 hibernum
496 2299 520 2340 a.
549 2275 689 2359 3627363
713 2287 831 2360 tempus
855 2279 1025 2341 Antiochiae
1049 2291 1292 2344 commoraretur.
1328 2283 1385 2344 Ubi
1501 2319 1504 2324 ·

238 2389 393 2467 scripsisse
417 2405 485 2446 enm
509 2386 600 2446 libros
624 2386 681 2447 diis
703 2386 881 2466 opitulantes
905 2391 1064 2449 memoriae
1088 2388 1217 2469 prodidit
1235 2388 1385 2473 Libanius,

237 2497 324 2556 errius
347 2493 420 2554 haec
444 2501 514 2553 sunt
537 2495 567 2553 in
588 2512 621 2553 ca
645 2495 787 2574 oratione,
811 2512 886 2573 quae
910 2494 1084 2556 inscribitur
1107 2495 1126 2572 ἡ
1151 2493 1204 2557 ἐπὶ
1222 2491 1385 2577 Ἰουλιανῷ

238 2596 391 2680 μονῳδία·
412 2592 471 2679 (ed.
500 2597 598 2659 Reisk.
622 2599 635 2658 l
659 2594 738 2681 513,
759 2597 779 2660 3
799 2596 890 2680 sqq.):
928 2597 1004 2677 ἧκεν
1032 2595 1089 2681 (sc.
1119 2598 1303 2685 Ἰουλιανός)
1341 2602 1411 2678 εἰς,

237 2706 296 2784 τὴν
324 2702 466 2782 μεγάλην
493 2705 551 2781 τὴν
579 2701 745 2780 Ἀντιόχου
773 2701 881 2782 πόλιν,
909 2706 941 2783 ἢ,
970 2704 998 2769 εἰ
1028 2707 1135 2785 βούλει
1163 2728 1213 2786 γε,
1243 2706 1385 2774 Ἀλεξάν-

239 2816 328 2894 δρου,
349 2815 408 2875 τοῦ
427 2810 525 2890 φίλου
548 2829 583 2874 τε
603 2809 691 2893 αὐτῷ
714 2810 766 2873 καὶ
788 2809 846 2873 οὐκ
869 2811 989 2875 ἐῶντος
1013 2813 1192 2892 καθεύδειν,
1216 2814 1323 2893 ὥςπερ
1347 2817 1385 2894 δή

239 2939 310 2983 τινα
338 2918 515 2997 ςτρατηγὸν
547 2917 734 2999 ςτρατηγὸς,
765 2914 932 2996 Ἀθηναῖος
965 2917 1141 2996 Ἀθηναῖον.
1188 2919 1227 2983 ού
1260 2922 1298 3000 δὴ
1332 2942 1387 2999 μυ-

240 3024 304 3103 ρίαι
331 3025 389 3103 μὲν
417 3022 616 3102 δικαζόμενοι
645 3022 738 3101 δίκαι,
766 3025 900 3087 πολλῶν
927 3025 962 3087 δὲ
986 3026 1085 3090 θέςεις
1109 3024 1229 3105 νόμων,
1260 3026 1387 3106 βιβλίων

239 3152 275 3195 τε
308 3131 488 3209 ςυγγραφαί
527 3129 731 3209 βοηθούντων
764 3134 859 3194 θεοῖς.
906 3132 971 3204 Quo
1006 3133 1071 3194 loco
1103 3137 1271 3214 respexisse
1304 3135 1387 3196 Liba-

240 3244 323 3301 nium
357 3241 392 3301 ad
420 3240 525 3302 Iuliani
551 3240 644 3301 libros
678 3248 780 3301 contra
809 3239 991 3301 Christianos
1025 3241 1119 3303 editos
1151 3241 1236 3322 plane
1266 3251 1387 3323 apparet

241 3367 277 3407 ex
301 3350 365 3407 eius
395 3346 506 3428 verbis,
534 3366 608 3426 quae
637 3349 830 3408 inveniuntur
857 3349 888 3408 in
917 3347 1064 3426 epitaphio
1088 3345 1261 3430 1581,17
1287 3369 1329 3430 sq.
1354 3350 1386 3409 R.

241 3453 297 3515 Ubi
316 3463 472 3532 postquam
489 3456 618 3514 narravit
636 3456 846 3532 imperatorem
866 3452 976 3513 bellum
992 3464 1095 3515 contra
1110 3454 1216 3515 Persas
1235 3464 1387 3535 parantem

242 3579 296 3641 per
320 3578 425 3619 novem
445 3577 562 3619 menses
581 3562 611 3619 in
632 3559 716 3638 Syria
734 3569 949 3619 commoratum
967 3578 1033 3621 esse
1053 3556 1080 3644 (l
1098 3558 1173 3644 576,
1190 3559 1231 3622 14
1241 3581 1304 3642 sqq.
1324 3562 1388 3623 coll.

242 3662 431 3746 cum1578,
448 3662 489 3725 14
499 3659 592 3746 sqq.):
614 3666 673 3726 τοῦ
697 3665 852 3740 χειμῶνος
877 3665 921 3742 δὲ,
944 3668 1054 3749 inquit,
1076 3665 1132 3729 τάς
1155 3666 1270 3729 νύκτας
1293 3666 1388 3731 έκτεί-

242 3789 366 3847 νοντος,
390 3767 467 3832 ἀνευ
486 3771 619 3832 πολλῶν
642 3768 694 3832 καὶ
712 3772 819 3834 καλῶν
839 3767 959 3848 ἑτέρων
983 3770 1091 3848 λόγων
1110 3773 1296 3851 ἐπιθέμενος
1319 3778 1388 3837 ταῖς

246 3876 373 3956 βίβλοις,
392 3877 423 3939 αἳ
442 3876 501 3940 τὸν
519 3876 554 3940 έκ
568 3875 780 3954 Παλαιςτίνης
795 3873 967 3954 ἄνθρωπον
987 3877 1063 3942 θεόν
1077 3898 1112 3941 τε
1127 3879 1177 3942 καὶ
1197 3885 1273 3945 θεοῦ
1288 3886 1389 3946 παῖδα

243 3987 381 4060 ποιούςι,
409 3981 492 4066 μάχῃ
520 4003 555 4046 τε
583 3987 686 4066 μακρᾷ
713 3983 763 4046 καί
790 3982 935 4061 ἐλέγχων
963 3984 1042 4062 ἰςχΰι
1065 3986 1192 4061 γέλωτα
1216 3984 1389 4067 ἀποφήνας

316 4230 343 4298 1)
363 4229 446 4283 Falso
461 4229 546 4284 etiam
561 4228 722 4284 Hertlenius
741 4231 806 4298 post
825 4245 922 4283 vocem
938 4228 1133 4286 ‘infernorum’
1149 4234 1289 4288 commate
1304 4232 1389 4288 inter·

243 4317 351 4388 punxit.

316 4408 344 4478 2)
360 4405 549 4477 Commepost
560 4406 728 4477 ‘praedicat’
745 4407 846 4476 omisit,
862 4410 927 4477 post
938 4409 1105 4479 ‘sepultura'
1116 4412 1211 4481 posuit
1220 4412 1388 4469 Hertlenius.
