3192 4906
274 307 336 370 154
763 306 855 376 eaput
874 307 919 361 ιιι.

272 473 431 534 dolendum
452 480 498 532 est
521 472 706 533 ilerdeninm
725 475 929 552 quaestionem
949 489 1008 533 nou
1032 473 1201 552 absolvisse,
1224 487 1292 533 cuin
1315 473 1419 534 loliani

271 579 415 641 librorum
449 579 608 640 editionem
644 589 762 660 pararet
796 597 848 641 sua
880 579 965 641 laude
1002 597 1061 640 non
1094 580 1274 660 privandam.
1328 581 1419 642 Recte

273 689 353 747 enim
386 687 503 748 videtur
535 687 607 746 mihi
643 687 782 748 hllredus
813 686 967 747 Eberhard
1003 682 1162 768 (Bursiads
1198 687 1420 748 Jahresberiohl

272 793 294 851 V
320 793 337 856 1
362 812 390 873 p.
414 785 493 875 203)
517 793 687 855 adnotasse:
711 790 793 854 ‘Was
812 794 868 855 den
888 793 993 855 Hiatus
1013 793 1135 876 betriilt,
1155 794 1272 855 scheint
1285 793 1419 855 Hertlein

273 900 356 961 nicht
379 899 594 961 abschlieisend
620 899 756 980 Stellung
778 919 955 980 genommen
978 919 1015 960 zu
1038 896 1156 961 haben?

360 1007 402 1068 Ac
433 1026 469 1069 ne
501 1006 573 1067 mihi
603 1007 724 1086 quidem
754 1007 791 1068 de
823 1007 961 1069 omnibus
993 1007 1098 1068 iuliani
1124 1010 1246 1088 scriptis
1274 1008 1419 1087 agendum

273 1123 327 1194 est,
351 1133 419 1176 cum
443 1133 494 1175 eos
518 1123 633 1176 tantum
658 1114 749 1175 libros
769 1114 876 1176 edendi
899 1113 1055 1176 consilium
1080 1117 1220 1196 ceperim,
1242 1117 1294 1194 qui
1317 1124 1420 1176 contra

272 1221 456 1283 Christianos
496 1225 600 1302 scripti
637 1230 715 1283 sunt.
771 1222 846 1282 Nam
881 1221 918 1282 de
954 1219 1078 1300 singulis
1108 1221 1193 1282 libris
1230 1225 1420 1300 quaestiones

270 1327 471 1389 instituendas
491 1348 556 1389 esse
580 1330 648 1390 inde
668 1330 806 1410 allicitur,
827 1330 908 1408 quod
932 1328 1004 1389 alios
1023 1328 1203 1408 diligentius,
1227 1329 1299 1389 alios
1322 1329 1420 1408 negle-

235 1485 237 1491 .
272 1436 390 1512 gentius
423 1437 603 1514 compositos
634 1454 700 1496 esse
733 1443 860 1496 constat.
913 1436 1009 1514 Atque
1039 1434 1069 1495 id
1098 1434 1218 1514 quidem
1250 1451 1304 1514 pro
1338 1443 1420 1496 certo

274 1539 423 1600 adfirmari
446 1540 515 1602 licet
538 1542 683 1602 lulianum
706 1544 737 1602 in
761 1541 970 1605 libris-contra
990 1540 1173 1602 Christianos
1197 1540 1421 1604 conscribendis

274 1646 386 1707 hiatum
416 1650 526 1709 evitare
553 1648 691 1710 voluisse.
737 1649 915 1728 Saepissime
944 1651 1022 1708 enim
1051 1648 1207 1709 miraberis
1234 1651 1422 1710 artificiosam

168 1755 170 1760 '
274 1753 433 1816 verborum
463 1755 701 1836 collocationem,
730 1757 787 1816 nisi
815 1755 1060 1816 animadverteris
1083 1758 1238 1816 immutato
1262 1755 1422 1816 verborum

273 1859 377 1923 ordine
405 1863 609 1926 foedissimum
637 1863 783 1924 vocalium
810 1880 991 1924 concursum
1020 1863 1100 1922 oriri.
1146 1861 1188 1922 lta
1216 1881 1244 1942 p.
1268 1859 1353 1923 42Ε
1383 1864 1422 1924 le·

273 1975 385 2046 geretur
408 1971 498 2032 verba
521 1973 607 2033 haec:
643 1967 720 2033 ὅθεν
748 1968 822 2046 ἡμῖν
850 1967 917 2046 ἥκει
947 1967 998 2030 καὶ
1025 1965 1115 2030 ὅπως
1144 1964 1253 2029 ἔννοια
1280 1971 1360 2030 θεοῦ
1388 1968 1424 2031 τὸ

274 2077 417 2152 πρῶτον;
451 2079 503 2140 ubi
526 2099 614 2140 voces
636 2075 689 2140 καὶ
716 2073 806 2138 ὅπως
839 2086 870 2137 et
899 2072 976 2138 ὅθεν
1004 2077 1169 2137 interiectis
1198 2075 1321 2136 vocibus
1349 2075 1423 2152 ἡμῖν

274 2182 341 2260 ἥκει
366 2187 522 2265 separandi
545 2203 634 2256 causa
658 2203 718 2244 non
741 2191 814 2264 erat,
837 2185 895 2245 nisi
918 2183 997 2261 quod
1022 2183 1156 2243 iratorum
1174 2183 1239 2264 luit,
1263 2192 1296 2244 nt
1310 2192 1424 2245 mutato

274 2290 434 2353 verborum
448 2292 552 2353 ordine
567 2289 685 2353 litterae
700 2309 727 2353 ει
742 2299 772 2351 et
792 2308 807 2351 ε
829 2298 1045 2351 concurrerent
1064 2284 1155 2371 (ὅθεν
1175 2287 1225 2349 καὶ
1243 2286 1334 2351 duint
1348 2289 1423 2366 ἡμΐν

274 2395 355 2472 ἥκει
370 2394 504 2459 ἔννοια
518 2391 619 2478 θεοῦ).
649 2396 752 2476 Neque
767 2398 865 2456 minus
881 2394 1173 2457 animadvertendum
1189 2403 1235 2472 est
1257 2415 1423 2476 perpaucos
1468 2391 1473 2399 “

274 2513 391 2564 exstare
405 2504 503 2564 hiatus
517 2507 548 2564 in
562 2507 656 2584 ipsius
671 2504 775 2564 loliani
790 2501 897 2582 verbis,
920 2504 951 2561 in
970 2501 1095 2561 aliorum
1118 2500 1155 2560 ab
1178 2520 1214 2561 eo
1238 2501 1333 2563 allatis
1356 2521 1421 2583 per-

275 2609 391 2670 multos.
415 2611 510 2680 Quam
525 2613 643 2671 remita
658 2629 689 2671 se
704 2609 814 2670 habere
828 2627 865 2668 ex
879 2609 1053 2687 fragmentis
1068 2609 1144 2667 inira
1159 2610 1316 2669 recensitis
1330 2628 1422 2670 arnus-

276 2718 403 2795 quisque
418 2716 591 2795 intellegere
606 2724 712 2796 potest.
745 2717 821 2776 Τιιιιι
834 2715 969 2777 hiatunrn
984 2733 1127 2776 numerus
1141 2704 1219 2775 haud
1239 2717 1424 2794 spernendos

275 2833 444 2884 removetur
459 2823 594 2884 codicum
610 2822 655 2883 vel
671 2825 910 2884 testimoniorum
926 2824 1092 2900 scripturis.
1126 2821 1168 2881 lta
1186 2818 1281 2882 135Α
1296 2817 1420 2884 ἀξιοῦτε

273 2930 354 3007 apoc
364 2926 520 2990 πιετεύειν
531 2923 573 2990 V:
587 2922 713 2992 ἀξιοῦτε
729 2926 886 2990 πιετεύειν
899 2925 980 3003 ἡμᾶς
991 2926 1037 2999 Μ;
1056 2923 1152 2988 1351)
1167 2925 1223 2988 τά(
1238 2927 1422 2990 διαλέκτου(

274 3035 382 3099 αὐτῶν
411 3034 548 3116 ευγχέῃ
577 3033 632 3099 ἔτι
655 3032 697 3098 V:
728 3033 836 3098 αὐτῶν
864 3031 989 3110 τυγχέει
1016 3030 1073 3096 τὰ(
1097 3034 1281 3096 διαλέκτου(
1305 3031 1351 3096 ἔτι
1376 3034 1420 3108 Μ;

280 3140 385 3205 1551)
417 3160 464 3205 τοι
495 3139 575 3204 εἶναι
606 3141 755 3221 φαίνεται
787 3137 828 3203 V:
862 3137 944 3202 εἶναί
977 3158 1024 3201 τοι
1052 3135 1201 3216 φαίνεται
1230 3141 1275 3214 Μ;
1317 3127 1446 3203 160E‘

275 3247 440 3314 ἀπέκτεινε
465 3247 582 3331 αἰεχρῷ
606 3246 647 3312 V:
687 3247 873 3313 ἀπέκτεινεν
903 3245 1021 3328 αἰεχριρ
1053 3246 1097 3319 Μ;
1136 3245 1245 3309 305Β
1273 3245 1423 3325 ῥημάτων

275 3355 399 3422 ἐκείνου
442 3355 640 3419 ἐπακούιατε
677 3352 719 3418 V:
761 3353 885 3418 ἐκείνου
927 3351 1089 3432 ῥημάτων·
1107 3350 1344 3439 ⁸trvovotlcere¹)
1382 3353 1424 3419 n.

275 3466 377 3545 Neque
397 3463 613 3544 neglegendum
629 3473 675 3524 est
689 3464 839 3544 plerisque
854 3462 927 3522 locis
943 3457 978 3544 (4
992 3460 1029 3521 de
1045 3454 1080 3542 5)
1096 3463 1243 3522 removeri
1257 3462 1371 3524 hiatum
1387 3482 1420 3523 eo

275 3573 433 3634 verborum
449 3571 562 3650 ordine,
582 3572 679 3648 quiin
694 3569 796 3630 codice
811 3568 843 3630 Μ
859 3570 1022 3648 iuvenitur,
1046 3576 1134 3645 atque
1150 3585 1218 3627 eum
1233 3568 1354 3647 quidem
1369 3587 1423 3631 cnr

274 3679 321 3739 his
345 3681 417 3758 ipsis
441 3681 471 3737 in
496 3676 586 3736 rebus
611 3694 695 3736 veras
714 3675 889 3755 plerumque
910 3677 1074 3754 scripturas
1093 3691 1227 3734 servasse
1251 3684 1421 3759 statuerem,

276 3804 365 3865 supra
389 3805 416 3864 p.
444 3780 506 3845 152
531 3784 662 3863 exposui.
709 3783 812 3861 Neque
836 3785 935 3842 minus
958 3783 1099 3842 memoria
1119 3782 1225 3860 dignus
1249 3791 1295 3843 est
1318 3783 1421 3845 Iuliani

275 3893 358 3953 locus
373 3912 400 3972 p.
415 3889 506 3970 941,
530 3891 635 3968 quiite
650 3889 791 3950 scribitur
806 3881 836 3949 in
852 3888 954 3949 codice
970 3887 1016 3949 M:
1039 3885 1067 3949 εἰ
1081 3887 1121 3964 μὴ
1137 3889 1235 3964 μῦθοι
1249 3885 1305 3965 εἴη
1322 3886 1422 3964 ἔχων

275 4031 488 4042 ...nnn—..nn—

347 4175 373 4240 1)
392 4171 526 4239 ῥημάτων
544 4129 650 4224 incidor]
671 4170 712 4237 M,
732 4167 781 4224 sed
799 4165 863 4222 vide
883 4183 968 4236 supra
986 4167 1048 4220 adn.
1070 4172 1093 4220 1.
1136 4168 1234 4236 Neque
1257 4184 1323 4223 vero
1349 4168 1420 4240 quis·

275 4277 360 4330 quam
378 4258 525 4315 librarium
547 4259 641 4314 hiatus
659 4256 785 4313 evitandi
808 4253 964 4310 studiosum
984 4253 1131 4311 vorborum
1155 4255 1281 4312 ordinem
1302 4260 1421 4313 mutasse

274 4347 406 4405 censebit.
444 4349 511 4415 Quis
537 4347 610 4403 enim
637 4350 702 4402 ente
725 4345 905 4401 Benselerum
933 4345 1108 4414 compertum
1130 4343 1255 4399 habebat
1273 4347 1419 4416 scriptores

275 4440 408 4511 quosdam
427 4439 562 4495 orationis
579 4437 718 4509 pedestris
735 4435 876 4491 vocalium
895 4451 1060 4490 coneursum
1077 4451 1134 4489 non
1152 4433 1316 4490 admisisset
