3194 4904
212 253 231 314 8
675 289 678 294 ,
723 252 814 321 Caput
832 253 851 307 1.
867 273 868 276 ¹

212 422 251 480 sit
274 419 362 499 nulla,
386 420 420 480 ad
445 416 600 477 arbitrium
625 435 689 477 rem
713 420 808 495 egisse
832 399 1042 496 Theophanem
1071 419 1101 476 in
1126 435 1203 476 anuo
1227 417 1360 502 eligendo

211 525 297 604 plane
321 533 451 604 apparet.

301 632 360 692 lam
381 650 450 692 vero
471 633 537 711 quis
557 633 672 711 estqui
697 633 808 691 nesciat
826 630 931 691 Iuliani
950 631 986 691 de
1006 630 1114 710 quihus
1133 632 1247 708 agimus
1269 631 1362 704 libros

213 741 247 801 ad
277 747 408 799 nostram
436 757 496 797 non
529 739 700 816 pervenisse
734 733 881 797 aetatem?
918 737 1100 798 Interiorum
1133 745 1231 799 autem
1260 737 1361 798 eadem

110 885 113 892 ·
213 849 327 907 ratione
347 864 380 905 ac
400 847 493 905 ceteri
516 843 597 922 libri,
621 862 696 923 quos
715 843 848 922 perditos
868 862 933 904 esse
954 843 1035 904 valde
1055 843 1204 924 lugemus3
1229 847 1280 924 qui
1299 848 1361 923 qul·

213 955 279 1015 dem
305 941 459 1013 maximam
478 961 593 1030 partem
613 969 648 1012 eo
667 935 831 1030 perierunt,
855 950 935 1030 quod
954 953 1106 1030 occupatis
1126 950 1279 1011 bominum
1302 955 1362 1012 ani-

182 1061 269 1122 tmis
294 1061 416 1120 aliarum
441 1076 542 1118 rerum
562 1056 668 1118 studiis
688 1076 784 1136 neque
809 1056 982 1135 legebantur
1002 1076 1098 1136 neque
1119 1057 1363 1120 describebantur

214 1168 353 1247 amplius3
373 1165 401 1226 id
422 1164 499 1245 quod
520 1159 623 1224 eorum
644 1166 695 1243 qui
713 1172 814 1224 contra
830 1163 1025 1224 Christianam
1045 1164 1217 1243 religionem
1238 1168 1363 1246 scripse·

214 1282 281 1334 rant
303 1273 388 1332 libris
407 1272 550 1332 accidisse
573 1273 632 1330 lam
651 1278 756 1348 quarto
777 1269 894 1330 saeculo
919 1277 1046 1330 exeunte
1070 1273 1155 1331 testis
1176 1279 1221 1332 est
1239 1271 1381 1332 loannes·

216 1380 443 1460 Chrysostomus
467 1377 503 1437 ab
523 1395 599 1437 anno
619 1374 683 1438 398
708 1395 804 1455 usque
824 1377 859 1436 ad
880 1395 989 1437 annum
1007 1374 1074 1437 404
1098 1377 1384 1457 Constantinopoli.

215 1498 351 1549 tanarum
376 1487 542 1564 episcopus.
580 1479 677 1545 Ἀλλὰ
695 1480 848 1545 coccino(
870 1481 941 1558 ἑετι,
965 1485 1071 1563 inquit,
1095 1485 1160 1546 τῶν
1181 1479 1238 1545 ὑπ’
1258 1482 1364 1546 αὐτῶν

214 1591 444 1671 γεγραμμένων
468 1587 487 1652 ὁ
510 1589 626 1666 γέλωε,
651 1588 730 1651 ὥετε
755 1586 968 1666 ἀφανιεθῆναι
991 1587 1042 1650 καὶ
1065 1587 1104 1650 τὰ
1135 1587 1235 1668 βιβλία
1266 1589 1365 1654 πάλαι

185 1725 187 1729 ·
215 1700 266 1764 καὶ
289 1697 354 1776 ἅμα
376 1703 422 1780 τῷ
452 1700 614 1774 δειχθῆναι
642 1696 693 1758 καὶ
717 1693 890 1758 ἀπολέεθαι
919 1694 958 1756 τὰ
981 1687 1095 1756 πολλά.
1134 1694 1166 1758 Εἰ
1191 1695 1225 1758 δὲ
1250 1697 1312 1760 πού
1336 1718 1365 1760 τι

215 1801 266 1863 καὶ
286 1799 427 1878 εὑρεθείη
453 1801 616 1878 διαεωθὲν,
637 1801 723 1879 παρὰ
745 1802 941 1878 Χμιετιανοῑε
958 1804 1054 1863 τοῦτο
1077 1801 1258 1879 εωζόμενον
1278 1803 1365 1881 εὕροι

214 1927 261 1969 τι(
290 1905 329 1970 ἂν
358 1903 471 1993 (λόγοε
495 1907 539 1970 εἰε
567 1908 625 1971 τὸν
653 1906 808 1985 μακάριον
833 1907 980 1985 Βαβύλαν
1008 1907 1060 1969 καὶ
1088 1907 1168 1971 κατὰ
1191 1907 1365 1975 Ἰουλιανοῦ

215 2013 266 2084 καὶ
303 2015 384 2092 πρὸ(
420 2013 584 2092 Ἕλληνας.
631 2015 691 2077 ΙαΙι.
721 2015 822 2096 Chrys.
851 2015 896 2075 ed.
925 2014 1170 2076 Montelalconius
1198 2017 1365 2104 1133911).

216 2123 281 2184 Huc
300 2125 422 2205 accedit,
442 2124 520 2204 quod
536 2124 693 2205 Porphyrii
711 2123 803 2184 libros
821 2131 925 2183 contra
939 2121 1122 2183 Christianos
1143 2126 1270 2205 scriptos
1289 2128 1366 2205 apud

217 2250 435 2311 quemcumque
464 2234 576 2292 inventi
605 2238 706 2292 essent
729 2230 914 2291 Theodosius
938 2231 1088 2309 Augustus
1117 2231 1205 2292 iussit
1233 2233 1368 2295 comburi

218 2338 281 2415 lege
301 2357 325 2398 a.
345 2337 371 2397 d.
392 2336 464 2398 XIV.
483 2337 544 2397 Kal.
564 2338 648 2399 Mart.
668 2337 922 2417 Constantinopoli
941 2337 1058 2397 Zenone
1079 2316 1267 2400 Postumiano
1288 2360 1365 2402 coss,

219 2437 252 2527 (i.
273 2463 296 2504 e.
316 2463 340 2504 a.
359 2438 440 2526 448)
459 2444 525 2504 lata.
562 2444 672 2505 Iniuria
692 2451 791 2505 autem
814 2447 871 2504 viri
890 2445 968 2505 docti
989 2443 1094 2524 quide
1114 2443 1220 2506 haere
1240 2450 1366 2528 scripse-

217 2561 288 2612 runt
307 2550 341 2610 ad
367 2570 459 2612 unum
478 2569 582 2612 omnes
602 2552 820 2613 contenderunt
840 2551 917 2612 idem
941 2553 1007 2611 lieri
1025 2553 1148 2612 iussisse
1168 2553 1367 2616 Theodosium

220 2764 317 2825 verbis
347 2783 421 2844 quae
445 2767 638 2850 inveniuntur
666 2769 696 2826 in
725 2766 827 2826 codice
851 2764 1046 2846 Iustinianco,
1075 2766 1126 2826 uhi
1155 2784 1213 2825 non
1242 2766 1278 2826 de
1306 2766 1369 2828 solo

219 2874 315 2950 agitur
330 2871 494 2950 Porphyrio
511 2867 546 2953 (Ι,
564 2871 590 2953 1,
606 2868 655 2952 3):
679 2869 874 2948 Θεεπίζομεν
894 2869 1000 2934 πάντα
1018 2867 1077 2947 ὅεα
1095 2871 1285 2950 Πορφύριοε
1303 2871 1367 2936 ὑπὸ

218 2981 273 3054 τῆ(
293 2975 409 3039 ἑαυτοῦ
430 2975 541 3052 μανίαε
556 2976 771 3055 ἐλαυνόμενα(
791 2979 809 3056 ἢ
831 2976 962 3054 ἕτεμόε
980 2996 1035 3039 τι(
1055 2977 1135 3039 κατὰ
1149 2982 1205 3055 mic
1220 2959 1385 3058 εὐεεβοῦε

218 3087 284 3146 τῶν
305 3084 499 3161 Χριετιανιθν
518 3083 681 3161 θρηεκείαε
701 3085 881 3163 ευνέγραψε
901 3085 975 3162 πυρὶ
994 3083 1231 3162 παραδίδοεθαι.
1264 3088 1369 3167 Neque

220 3202 316 3253 tamen
341 3192 613 3254 animadverterunt
636 3197 794 3272 genuinam
823 3195 912 3255 huius
939 3194 1012 3273 logis
1041 3195 1166 3254 formam
1196 3203 1312 3256 exstare
1340 3198 1370 3257 in

221 3303 293 3360 actis
317 3301 435 3361 concilii
458 3299 601 3379 Ephesini
630 3294 798 3382 (sacrorum
822 3301 1015 3361 conciliorum
1040 3319 1114 3361 nova
1138 3310 1168 3361 et
1191 3301 1370 3382 amplissima

220 3406 355 3467 collectio
381 3406 426 3467 ed.
450 3407 543 3467 Mansi
567 3406 621 3467 vol.
645 3406 675 3466 V.
691 3403 771 3490 417)
801 3409 830 3467 ln
859 3427 930 3488 qua,
959 3426 1137 3488 quamquam
1165 3408 1265 3470 multis
1298 3409 1371 3470 locis

221 3522 267 3574 est
289 3514 418 3594 plenior,
447 3517 567 3573 omnino
592 3532 651 3573 non
675 3516 866 3574 inveniuntur
890 3514 979 3575 verba
1003 3514 1021 3590 ἢ
1047 3512 1155 3590 ἕτεμόε
1178 3495 1241 3592 τιε,’
1262 3515 1369 3595 quibus

222 3620 291 3681 solis
325 3620 403 3700 quod
433 3619 489 3680 sihi
521 3628 743 3698 proposuerunt
770 3628 896 3699 possunt
922 3620 1058 3699 probare.
1106 3620 1187 3692 Quae
1216 3623 1304 3682 verba
1332 3642 1369 3683 ne

222 3729 288 3806 quis
317 3734 437 3787 censeat
464 3725 654 3786 librariorum
682 3727 767 3806 culpa
793 3745 858 3786 esse
887 3729 1008 3787 omissas
1037 3746 1073 3787 ne
1097 3730 1127 3787 in
1150 3729 1369 3807 praefectorum

225 3833 356 3913 quidem,
389 3835 442 3912 qui
468 3833 730 3913 promulgaverunt
761 3836 948 3914 imperatoris
981 3833 1075 3911 legem
1104 3829 1213 3916 (Mansi
1239 3830 1370 3916 V420),

225 3941 320 4002 edicto
349 3921 555 4022 inveniuntur,
588 3941 665 4020 quod
693 3940 776 4002 brevi
807 3948 875 4020 post
903 3942 1047 4018 scriptum
1075 3958 1144 4003 esse,
1170 3959 1205 4000 eo
1234 3943 1371 4024 allicitur,

224 4047 382 4128 quodiam
411 4043 595 4124 ἀνεγνώεθη
620 4046 655 4110 ἐν
683 4052 720 4130 τῇ
749 4045 894 4128 ἐκκληείᾳ
924 4049 990 4108 τῶν
1014 4043 1220 4122 μοναζόντων
1244 4046 1280 4110 ἐν
1303 4051 1371 4110 acic

190 4151 197 4160 ’
223 4155 382 4231 ἐρημικοῑε
406 4153 570 4230 Φαρμουθὶ
593 4147 640 4228 κγ’
665 4152 860 4217 ἰνδικτιῶνοε
884 4147 913 4215 α’
938 4151 1030 4215 laone
1051 4153 1287 4230 Διοκλητιανοθ
1306 4148 1370 4230 ρξδ’

226 4259 258 4346 (ἱ.
283 4281 307 4323 e.
332 4281 356 4323 a.
381 4263 408 4322 d.
437 4260 509 4322 XlV.
533 4260 594 4322 Kal.
618 4262 682 4322 Mai.
711 4281 735 4322 a.
759 4282 786 4341 p.
811 4262 840 4322 C.
865 4280 892 4323 n.
917 4255 1006 4342 448).
1049 4262 1121 4322 Nam
1150 4264 1238 4322 etiarn
1265 4262 1307 4323 ihi
1335 4261 1371 4321 de

227 4369 289 4430 solo
322 4371 419 4450 agitur
447 4369 619 4450 Porphyrio.
664 4368 813 4430 Inculcata
845 4377 945 4434 autem
975 4368 1113 4430 videntur
1141 4386 1206 4440 esse
1234 4369 1324 4430 verba
1351 4369 1370 4444 ἢ
