3192 4906
599 283 641 337 De
655 281 762 354 ¹Iuliani
780 278 915 337 librorum
933 281 1007 337 fatie.
1255 275 1256 278 ¹
1338 277 1378 345 Tl

231 449 334 512 laudes
359 450 483 512 iacimus
501 451 635 512 dicentes
657 443 719 533 (Ps.
735 447 786 531 84,
801 445 851 533 2);
876 451 970 522 Quam
989 449 1095 510 dilecta
1113 447 1303 511 tabernacula
1322 459 1382 531 tua,

230 558 369 620 Domine:
399 560 583 637 concupiscit
607 565 637 619 ct
661 566 760 638 sperat
779 561 875 618 anima
893 576 959 618 mea
976 559 1008 617 in
1031 557 1115 616 atriis
1134 554 1259 617 Domini.
1297 556 1381 618 Unde

233 665 331 727 elucet
353 665 462 747 legem,
486 668 564 726 sicut
586 668 617 726 in
641 666 811 726 infirmitate
834 664 957 730 ¹umbrae
982 662 1054 724 nihil
1073 661 1158 743 valet,
1180 665 1223 724 sic
1247 663 1282 724 ad
1306 667 1380 726 veri-

232 781 324 833 tatem
341 790 396 852 per
415 770 547 850 Moysem
564 771 663 834 datam
682 773 922 833 transformatam
940 780 970 833 ct
989 769 1183 850 spiritualiter
1201 769 1381 833 intellectam

235 881 411 958 mysterium
435 878 545 941 Christi
568 878 654 939 nohis
677 878 824 959 explicare
848 886 878 938 11
901 878 1053 937 scientiam
1077 893 1179 936 rerum
1203 880 1382 938 necessaria·

233 1005 301 1047 rum
330 985 415 1047 nobis
443 987 559 1047 afferre.
600 985 686 1056 Quod
714 993 813 1046 autem
841 983 1035 1064 corporaliter
1063 983 1173 1062 abquid
1202 985 1316 1062 agimus
1340 1017 1381 1028 -

232 1091 371 1152 domiuus
390 1091 504 1154 sabbati
523 1101 569 1154 est
587 1093 666 1154 tilius
684 1093 820 1154 hominis.
858 1090 995 1153 Ostendit
1014 1093 1093 1151 enim
1112 1088 1250 1151 Christus
1266 1089 1382 1152 ludaeis

233 1218 265 1260 se
280 1201 379 1278 ipsum
394 1207 424 1260 et
441 1209 556 1280 patrem
571 1201 779 1261 demonstrans
798 1218 858 1259 non
878 1201 941 1259 siue
957 1216 1047 1278 opere
1060 1197 1145 1258 illum
1159 1204 1189 1258 et
1202 1200 1233 1257 in
1248 1197 1383 1258 sabbato:

232 1306 322 1367 Pater
340 1325 426 1368 meus
445 1327 539 1387 usque
554 1306 642 1368 modo
657 1314 798 1386 operatur
812 1315 842 1367 et
856 1326 910 1386 ego
925 1325 1034 1386 operor
1051 1303 1105 1383 (lo.
1120 1301 1150 1379 5,
1168 1299 1232 1386 17).
1265 1305 1383 1366 Scimus

234 1422 346 1494 autem,
375 1417 570 1474 cessationem
598 1415 628 1474 111
657 1411 792 1493 sabbato,
820 1412 886 1472 dico
914 1413 1110 1493 corporalem,
1141 1414 1267 1474 inveniri
1295 1431 1383 1492 saepe

235 1539 294 1581 non
318 1528 452 1582 curatam
469 1540 487 1581 a
506 1523 625 1582 sanctis.
662 1518 705 1580 lta
720 1521 799 1580 enim
818 1521 898 1598 cepit
916 1519 1138 1580 Hierichuntem
1154 1518 1241 1580 losua
1260 1521 1383 1580 sanctis-

234 1629 342 1706 simus,
370 1645 438 1688 cnm
469 1634 548 1688 esset
576 1626 636 1686 dux
667 1628 817 1686 exercitus
842 1634 911 1706 post
933 1626 1077 1708 Moysem3
1108 1625 1173 1708 sed,
1203 1628 1261 1687 nisi
1290 1627 1383 1687 domi·

235 1753 292 1795 nus
316 1735 428 1795 fuisset
440 1734 518 1797 tibus
537 1734 666 1795 hominis
686 1735 772 1794 etiam
792 1732 918 1814 sabbati,
941 1742 975 1794 nt
994 1734 1066 1795 dicit
1085 1733 1227 1814 Salvator,
1250 1752 1305 1795 cur
1318 1752 1383 1804 ¹non

235 1838 411 1902 maledictus
435 1851 480 1902 est
502 1839 598 1921 losua,
622 1841 700 1920 quod
724 1843 755 1900 in
775 1838 896 1900 sabbato
920 1837 1011 1900 vicit?
1049 1839 1200 1918 Scriptum
1226 1843 1303 1900 enim
1324 1848 1384 1901 est:

235 1946 409 2008 Maledictus
433 1954 479 2008 est
508 1949 617 2027 omnis,
647 1949 699 2026 qui
727 1964 787 2007 non
809 1948 1008 2026 permanserit
1035 1947 1066 2005 in
1093 1947 1142 2023 iis,
1171 1964 1245 2024 quae
1274 1949 1384 2025 scripta

237 2054 360 2114 suntin
388 2053 464 2114 libro
494 2054 565 2133 legis
588 2045 691 2135 huius,
720 2061 753 2114 ut
781 2053 868 2113 iaciat
895 2071 929 2112 ea
953 2044 1052 2133 (Dent.
1071 2048 1124 2131 27,
1143 2046 1209 2136 26).
1245 2054 1385 2115 Armatus

236 2169 336 2222 autem
359 2168 423 2221 erat
446 2169 549 2221 contra
572 2159 804 2241 Hierichuntem,
827 2162 857 2220 in
882 2173 940 2239 quo
964 2177 1024 2220 uon
1048 2158 1223 2239 displicebat
1241 2158 1311 2240 Deo,
1334 2160 1386 2220 sed

236 2269 337 2346 potius
360 2269 405 2327 vir
428 2285 578 2328 armorum
601 2275 665 2328 erat
688 2269 725 2330 ei.
765 2267 867 2346 Neque
896 2274 1019 2347 propter
1042 2266 1251 2327 verecundiam
1275 2265 1390 2328 sabbati

237 2372 378 2452 prohibiti
407 2380 477 2434 sunt
507 2377 640 2454 vincere,
663 2373 716 2434 sed
745 2375 838 2453 magis
861 2375 990 2455 excitati,
1013 2382 1046 2434 111
1075 2391 1156 2433 arma
1184 2383 1337 2435 moverent
1360 2383 1390 2435 et

238 2480 399 2542 clamarent
422 2490 525 2541 contra
553 2480 746 2541 adversarios
788 2479 826 2541 Et
849 2483 881 2541 in
904 2481 969 2560 lege
992 2480 1062 2541 belli
1086 2480 1296 2560 quodcumque
1320 2481 1388 2540 faci-

238 2595 290 2648 ant
313 2595 343 2648 et
366 2605 417 2648 ecs
440 2607 544 2649 vacare
567 2586 719 2648 laboribus
741 2606 869 2669 poenae,
893 2588 1041 2650 indicabat
1063 2587 1142 2649 illius
1166 2590 1271 2655 aetatis
1294 2588 1387 2649 homi·

237 2693 343 2776 nibus,
369 2713 406 2755 ne
429 2694 504 2774 legis
531 2694 634 2754 latoris
657 2695 778 2773 quidem
801 2695 983 2756 voluntatem
1006 2713 1071 2756 esse
1100 2694 1136 2755 de
1168 2698 1333 2758 cessatione
1356 2698 1389 2757 in

239 2801 395 2864 sabbato..

329 2908 367 2970 Et
390 2917 458 2989 post
481 2909 550 2972 alia:

327 3014 388 3076 Lex
414 3018 493 3077 enim
514 3016 797 3078 demonstrationem
821 3036 922 3077 rerum
946 3016 1038 3077 multo
1062 3017 1276 3094 praestantium
1303 3014 1389 3076 nohis

240 3123 310 3183 iacit
333 3140 386 3202 per
410 3130 525 3184 nutum.
561 3122 681 3203 impura
700 3125 779 3184 enim
799 3122 935 3183 animalia
957 3121 1139 3183 irrationalia
1163 3130 1192 3182 et
1216 3121 1336 3190 rolucra
1360 3131 1390 3182 et

239 3228 289 3289 illa
312 3231 343 3290 in
366 3232 496 3299 marint
519 3232 615 3310 imago
632 3229 789 3290 ‘interdum
814 3237 973 3290 sumuntur
998 3237 1027 3290 et
1049 3239 1137 3308 typus
1160 3228 1312 3290 hominnm
1337 3231 1389 3289 im·

239 3354 387 3415 purorum
410 3344 441 3397 et
459 3339 736 3417 contaminatorum,
760 3355 776 3397 a
795 3321 924 3416 quorum
948 3339 1156 3398 communione
1180 3335 1322 3397 recedere
1346 3335 1390 3395 lu-

240 3461 326 3504 crum
344 3451 390 3504 est
408 3445 454 3524 iis,
473 3446 524 3523 qui
547 3447 626 3506 iuste
646 3453 676 3504 et
694 3446 776 3505 iuxta
794 3444 891 3523 legem
909 3446 1007 3505 vivere
1033 3443 1147 3524 volunt,
1171 3461 1238 3503 nam
1257 3461 1390 3504 corrum-

241 3557 317 3629 punt
339 3568 438 3610 mores
467 3549 561 3610 bonos
585 3549 731 3630 colloquia
755 3551 829 3613 mala
852 3546 880 3636 (l
899 3551 966 3612 Cor.
983 3546 1033 3632 15,
1048 3542 1116 3632 33).
1158 3549 1269 3611 Scribit
1293 3558 1393 3611 autem

242 3657 331 3717 etiam
349 3656 459 3718 Paulus
478 3649 505 3740 (l
523 3640 723 3740 eor.5,11)':
748 3657 780 3718 Si
798 3661 832 3740 is,
852 3661 904 3738 qui
923 3659 1015 3720 irater
1034 3647 1213 3740 nominatur,
1236 3668 1282 3718 est
1300 3658 1391 3718 iorni·

242 3771 324 3824 cator
352 3772 404 3825 aut
426 3764 563 3826 ebriosus
591 3772 642 3826 aut
667 3764 843 3848 maledicus,
871 3786 942 3846 cum,
963 3765 1108 3828 eiusmodi
1135 3767 1198 3825 viro
1227 3781 1263 3824 ne
1293 3763 1392 3824 cibum

242 3871 362 3951 quidem
386 3889 545 3933 sumamus.
583 3871 712 3933 Necesse
736 3874 828 3950 igitur
850 3881 896 3934 111
919 3871 1011 3934 rebus
1034 3870 1195 3934 immundis
1218 3849 1393 3931 recedamus

243 3985 274 4040 et
302 3995 319 4037 a
346 3977 431 4039 malis
458 3997 514 4039 nos
542 3979 738 4040 secludamus.
785 3978 936 4058 Scriptum
965 3981 1044 4040 enim
1072 3987 1117 4039 est
1141 3971 1239 4059 (Pron.
1257 3973 1307 4058 13,
1322 3973 1393 4058 20):

244 4084 394 4155 Quicum
423 4087 550 4164 sapienti
577 4084 724 4168 graditur,
752 4087 869 4164 sapiens
898 4088 967 4167 erit,
995 4088 1047 4165 qui
1074 4093 1174 4145 autem
1197 4102 1266 4144 cum
1294 4082 1393 4144 stultis

147 4202 150 4206 ’
228 4191 391 4273 graditur,
409 4200 614 4271 cognoscetur.
647 4191 685 4252 Et
702 4193 812 4253 iterum
828 4187 889 4274 (Ps.
904 4189 953 4273 18,
968 4187 1039 4273 26);
1062 4191 1136 4253 Cum
1151 4199 1253 4251 sancto
1273 4196 1392 4250 sanctus

245 4300 306 4358 eris
330 4306 452 4359 etcum
480 4301 543 4359 viro
570 4301 723 4360 innocenti
749 4302 894 4360 innocens
921 4300 980 4359 eris
1009 4306 1039 4358 11
1067 4317 1135 4359 cnm
1162 4298 1257 4358 electo
1280 4297 1393 4357 electus

247 4407 308 4466 eris
332 4415 362 4467 et
385 4423 454 4467 cum
476 4425 617 4488 perverso
640 4405 829 4486 perverteris.
866 4406 969 4486 ltaque
992 4423 1028 4466 eo
1056 4405 1135 4484 quod
1162 4404 1234 4464 dicit
1257 4401 1393 4463 Christus
