3192 4906
260 299 323 362 152
750 298 842 368 Caput
859 297 905 350 ΙΙΙ.

346 464 406 526 lam
431 467 566 527 codicum
591 475 715 526 stemma
737 464 794 524 hoc
818 481 966 543 apponere
990 461 1073 523 licet:

475 561 487 584 .

509 564 1147 685 ,---Ρ--

508 692 531 748 0
607 691 673 752 Be,
733 691 759 744 Y
997 687 1027 740 M

706 829 787 909 ’ἦ
907 832 1005 887 Vener.
1022 837 1080 884 124.
1114 832 1136 884 n

702 906 726 958 ψ
761 903 875 1064 VH
1001 969 1007 982 “
1052 901 1137 1028 Paril.
1158 975 1191 1041 (l)

629 1153 695 1208 Cod.
716 1153 785 1209 Aub.
807 1081 851 1222 (l=
869 1151 1029 1219 Mediom.?)

261 1322 344 1393 Quae
368 1338 436 1381 com
460 1322 499 1380 ita
523 1321 595 1399 sint,
624 1317 826 1396 quaerendum
855 1315 891 1375 de
916 1317 1063 1395 principio
1092 1324 1138 1376 est
1166 1317 1236 1394 qnid
1265 1303 1407 1379 fueritin

160 1486 164 1494 ,
261 1427 440 1505 Capnioneo.
478 1425 562 1496 Quod
587 1423 638 1484 ubi
662 1423 847 1502 exploratum
867 1431 921 1503 est,
945 1431 1047 1483 utrum
1071 1422 1231 1502 Capnionei
1256 1424 1344 1485 verba
1366 1427 1406 1485 ita

262 1551 278 1592 a
301 1531 413 1617 loliano
438 1530 529 1592 scribi
551 1533 704 1609 potuerint
728 1548 822 1590 necne
846 1529 1067 1591 diiudicandum
1091 1537 1145 1590 est.

349 1639 383 1699 ln
403 1637 501 1698 verbis
516 1644 615 1698 eutem
634 1637 812 1698 collocandis
830 1637 1011 1710 Marcianum
1027 1637 1059 1699 Μ
1077 1639 1266 1716 potissimum
1286 1647 1406 1699 secutus

262 1765 337 1809 sum.
379 1744 453 1805 Nam
480 1763 508 1823 p.
535 1740 629 1804 106C
657 1741 790 1806 ἐκείνοι(
819 1741 944 1820 ἔπεμψε
973 1743 1077 1804 scribit
1099 1744 1132 1824 V,
1160 1739 1306 1819 ἔπεμψεν
1330 1741 1407 1806 ἐκεί-

262 1870 329 1916 votc
350 1852 396 1933 bd3
419 1833 507 1931 atque
528 1850 638 1911 codicis
662 1849 694 1913 Μ
718 1854 867 1931 scriptura
890 1853 978 1913 etiam
1001 1850 1119 1932 legitur,
1143 1851 1194 1911 obi
1213 1849 1286 1910 haec
1305 1849 1409 1911 lnliani

261 1958 350 2020 rerba
369 1976 385 2019 a
404 1956 560 2018 Theodoro
575 1956 784 2036 Mopsuestcno
805 1951 848 2039 (in
863 1957 897 2017 N.
912 1957 944 2018 F.
964 1975 1069 2017 comm.
1084 1957 1129 2019 ed.
1145 1956 1296 2019 Fritzscbe
1312 1977 1340 2036 p.
1356 1950 1409 2038 10)

261 2066 427 2144 laudantur,
451 2067 502 2143 qui
526 2082 585 2125 non
605 2083 641 2124 ex
660 2063 760 2144 Cyrilli
778 2064 967 2146 refutatione,
991 2064 1043 2124 sed
1064 2083 1100 2124 cx
1120 2067 1184 2144 ipso
1204 2063 1311 2125 loliani
1335 2063 1409 2125 libro

263 2190 316 2232 sna
339 2171 447 2232 bausit.
843 2245 846 2250 Ι

352 2264 400 2338 De
424 2277 605 2338 editionibus
637 2277 765 2356 denique
794 2280 893 2356 operis
922 2277 1072 2357 Cyrilliani
1100 2277 1254 2338 Fabricius
1282 2279 1313 2337 in
1342 2276 1410 2338 bibl.

263 2385 365 2445 Graec.
389 2383 445 2443 vol.
469 2375 523 2442 lll4
545 2403 573 2462 p.
597 2379 663 2444 455
679 2403 742 2463 sqq.
756 2386 805 2444 ita
834 2385 906 2464 egit,
929 2392 962 2444 ut
989 2403 1044 2463 ego
1073 2385 1114 2445 nil
1142 2384 1258 2445 adicere
1284 2402 1410 2464 possem.

264 2491 367 2570 Neque
391 2492 471 2550 enim
491 2491 647 2568 quisquam
670 2493 701 2551 in
724 2490 848 2552 edendis
871 2500 974 2551 contra
994 2490 1140 2552 lulianum
1163 2491 1247 2552 libris
1272 2494 1340 2551 nori
1363 2490 1410 2550 ali·
1454 2479 1477 2502 ''

264 2598 335 2677 quid
363 2597 511 2677 praestitit
539 2597 597 2656 nisi
620 2595 877 2676 OecolampadiuS,
900 2595 1084 2678 Borbonius,
1112 2595 1271 2658 alubertus.
1317 2596 1411 2674 Atque

265 2700 510 2782 Oeoolampadins
534 2699 645 2761 codicis
669 2700 831 2780 Capnionei
854 2703 1131 2780 interpretationem
1154 2701 1289 2764 Latinam
1312 2704 1412 2781 impri-

268 2810 404 2870 mendam
424 2809 539 2868 cnravit
557 2826 581 2868 a.
603 2803 688 2869 1528
708 2806 839 2869 Rasileae
859 2807 936 2886 apud
957 2807 1162 2869 Cratandrum.
1200 2804 1336 2869 ‘Librum
1355 2811 1411 2889 pri-

265 2935 346 2977 mum
370 2915 481 2976 Graece
504 2916 619 2994 primus
645 2932 713 2975 cum
738 2932 810 2975 nova
834 2913 956 2974 meliore
980 2915 1116 2974 versione
1141 2933 1194 2975 sua
1217 2933 1241 2974 a.
1268 2911 1354 2976 1619
1378 2915 1412 2976 ad

265 3023 425 3084 editionem
453 3022 606 3083 adornavit
638 3020 776 3082 Nicolans
804 3019 985 3101 Borbonios,
1020 3021 1174 3099 professor
1202 3030 1232 3082 et
1264 3023 1413 3102 interpres

265 3132 375 3210 regius,
386 3133 424 3190 in
444 3131 529 3190 cuius
544 3128 696 3210 opusculis
716 3137 842 3206 utraque
861 3126 962 3206 lingna
976 3126 1086 3206 prodiit
1099 3127 1191 3188 Paris.
1210 3125 1302 3188 1630.
1321 3126 1414 3191 1654.

268 3231 330 3296 12?
355 3230 525 3316 (fabricius
548 3235 568 3295 l.
591 3235 609 3294 l.
633 3254 660 3314 p.
684 3227 776 3316 471.)
836 3233 902 3313 lpse
927 3233 1086 3294 editionem
1110 3233 1327 3296 Borbonianam
1345 3235 1417 3296 mibi

269 3361 441 3422 comparare
474 3361 569 3420 usqne
598 3342 693 3402 adbuc
725 3341 835 3401 frustra
866 3341 1004 3418 quaesivi.
1053 3335 1172 3401 “lotum
1201 3359 1277 3420 opns
1305 3341 1417 3403 Graece

269 3459 299 3510 et
322 3449 424 3510 Latine
452 3450 583 3528 primum
611 3450 642 3507 in
665 3447 791 3508 Aubcrti
819 3447 949 3507 editione
974 3447 1171 3527 conspicitur,
1199 3444 1274 3507 liber
1301 3451 1417 3527 primus

269 3575 305 3616 ex
329 3555 485 3635 Borbonii,
513 3556 606 3615 ceteri
635 3573 671 3614 ex
699 3553 825 3615 luberti
853 3546 1121 3632 interpretatione'
1151 3546 1319 3635 (Fabricius
1342 3554 1359 3616 l.
1383 3551 1416 3638 l.)

269 3664 365 3741 Atque
385 3661 531 3722 editiones
550 3661 670 3732 Latinae
690 3679 786 3739 nsque
806 3660 841 3721 ad
861 3659 1071 3720 Aubertianam
1089 3658 1308 3739 Oeoolampadii
1326 3664 1416 3722 inter-

268 3769 464 3848 pretationem
490 3768 709 3847 repetiverunt,
739 3765 865 3827 liuberti
894 3766 984 3826 editio
1015 3765 1112 3826 denuo
1141 3769 1285 3846 impressa
1314 3776 1360 3829 cst
1386 3771 1415 3829 in

268 3874 371 3935 iuliani
391 3873 521 3934 editione
537 3872 754 3953 Spanbemiana
770 3882 799 3934 et
818 3876 848 3933 in
863 3873 965 3952 Mignii
983 3873 1146 3952 patrologia
1161 3871 1281 3954 Graeca,
1301 3874 1355 3935 vol.
1367 3873 1416 3936 76.

358 3980 437 4040 llaec
457 3981 493 4040 de
513 3989 576 4041 arte
599 3982 701 4041 critica
724 3983 755 4041 in
775 3980 882 4060 Cyrillo
902 3979 1074 4060 factitanda3
1098 3979 1134 4040 de
1154 3979 1252 4041 Pbotii
1270 3984 1415 4060 quaestio-

269 4106 340 4149 num
368 4087 678 4167 Ampbilocbianarum
706 4086 858 4148 codicibus
889 4105 983 4166 panca
1016 4086 1141 4147 dicenda
1168 4095 1252 4167 sunt,
1285 4106 1359 4166 quae
1387 4090 1416 4148 in

270 4203 412 4274 apparatu
436 4195 540 4254 critico
564 4213 618 4256 suo
642 4195 707 4254 loco
731 4196 827 4273 posita
850 4195 992 4270 reperies.

359 4301 392 4361 ln
416 4303 655 4363 testimoniorum
670 4309 769 4362 autem
785 4318 943 4362 numerum
963 4307 1099 4380 receptos
1115 4302 1203 4360 etiam
1218 4318 1270 4359 eos
1285 4302 1416 4361 invenies

274 4409 374 4491 Cyrilli
402 4408 483 4470 locos
512 4429 548 4470 ex
572 4411 750 4470 refutatione
774 4406 980 4487 depromptos,
1009 4404 1119 4485 quibus
1142 4405 1272 4466 lulianea
1301 4427 1359 4468 non
1382 4406 1417 4468 ad
