3194 4904
595 279 636 334 Do
654 277 757 334 Iuliani
773 279 910 335 librorum
928 278 1001 334 faiis.
1322 281 1363 343 41

216 447 299 508 urbis
322 446 417 507 Mosul
444 456 473 507 et
491 446 570 507 diem
594 465 767 526 supremum
791 446 864 507 obiit
882 464 959 507 anno
979 466 1006 526 p.
1026 446 1057 508 d.
1077 466 1104 508 n.
1124 445 1190 508 913
1210 442 1261 529 (cl.
1280 448 1364 509 Asse·

217 555 296 614 mani
319 552 388 613 bibl.
407 555 513 614 orient.
538 552 564 612 ll
582 572 609 632 p.
628 545 715 636 127),
739 555 769 612 in
793 554 1005 613 commentario
1025 553 1061 613 de
1085 555 1222 632 paradiso
1246 555 1365 616 laudan·

218 668 266 720 tur
290 659 434 739 quaedam
458 659 559 739 Cyrilli
582 678 618 720 ex
648 658 732 743 libris
755 668 858 720 contra
881 658 1026 721 lulianum
1051 661 1239 741 deprompta,
1269 663 1367 722 effecit

159 775 161 780 '
215 765 369 827 Fabricius
398 766 490 848 luisse
519 784 570 826 eos
599 767 686 827 etiam
715 769 745 826 in
775 767 923 846 Syriacam
952 765 1082 845 linguam
1111 786 1222 829 versos.
1262 768 1366 849 Neque

216 883 314 934 tamen
343 873 399 933 boo
423 883 597 952 argumento
625 874 680 933 niti
708 873 785 933 licet.
827 872 895 933 Fuit
923 874 1003 933 enim
1025 873 1142 952 Moyses
1160 873 1366 953 Barcephase

221 978 492 1059 monophysitarum
518 997 651 1060 numero,
674 981 705 1040 in
725 979 833 1058 quibus
852 981 941 1040 etiam
961 979 1076 1041 decimo
1096 981 1215 1042 saeculo
1238 984 1367 1042 invenie-

219 1087 327 1148 bantur
351 1088 405 1147 viri
427 1086 556 1146 Graecae
580 1085 696 1165 linguae
721 1087 841 1146 minime
865 1087 1003 1166 imperiti.
1041 1086 1082 1146 Ac
1107 1106 1143 1147 ne
1162 1087 1367 1149 Londiuiensi-

218 1194 274 1255 bus
302 1194 421 1272 quidem
454 1192 627 1271 fragmentis
656 1192 756 1272 Cyrilli
786 1192 916 1272 Syriacis
943 1194 1143 1254 demonstrari
1171 1198 1367 1255 necessariam

220 1319 285 1361 esse
309 1300 437 1360 Fabricii
465 1301 666 1360 coniecturam
695 1299 885 1359 Eberhardus
908 1299 1009 1360 Nestle
1034 1301 1120 1361 modo
1144 1310 1280 1380 exponet.

307 1406 407 1467 Edidit
416 1414 514 1466 autem
524 1405 654 1485 Angelus
664 1405 867 1484 MainsCyrilli
880 1406 1041 1484 fragmenta
1059 1406 1203 1469 librorum
1219 1409 1367 1471 undecimi

219 1531 313 1593 usque
333 1513 368 1573 ad
388 1512 641 1573 undevicesimum
659 1515 690 1572 in
710 1512 825 1573 Leontii
850 1520 938 1591 atque
958 1513 1074 1573 loannis
1094 1533 1195 1575 rerum
1215 1535 1366 1618 sacrarupr

217 1620 294 1681 libro
336 1627 450 1680 servata
487 1621 518 1679 iu
555 1637 647 1680 novae
686 1628 803 1698 patrum
841 1619 1036 1680 bibliothecae
1074 1628 1154 1681 tomo
1191 1622 1225 1682 ll.
1258 1623 1367 1685 Romae

219 1746 242 1788 a.
269 1723 355 1787 1844
386 1727 465 1787 edito
488 1746 516 1805 p.
535 1722 720 1788 488—492.
763 1724 878 1797 Quibus
907 1743 940 1786 ea
968 1735 1038 1787 sunt
1066 1726 1264 1808 adiungenda,
1292 1749 1367 1809 quae

218 1836 248 1894 in
273 1834 390 1894 loannis
409 1833 583 1894 Damasceni
606 1835 698 1893 sacris
722 1832 869 1912 parallelis
888 1827 925 1916 (l.
939 1832 973 1895 ll.
993 1833 1038 1894 ed.
1054 1832 1185 1912 Lequien
1200 1843 1220 1895 t.
1235 1835 1269 1898 ll.
1288 1835 1368 1897 Pari·

219 1941 270 2001 siis
297 1937 382 2001 1712
396 1933 462 2023 iol.)
486 1942 595 2020 passim
620 1948 784 2001 occurrunt
807 1958 904 2018 neque
927 1941 1026 2000 minus
1053 1942 1084 1999 in
1108 1943 1219 2000 catenis
1244 1941 1279 2001 ad
1302 1942 1366 2004 illu·

218 2048 354 2109 strandos
388 2066 487 2108 sacrae
517 2050 681 2128 scripturae
713 2046 806 2107 libros
835 2047 1006 2124 compositis
1035 2052 1093 2106 tam
1127 2045 1247 2108 Graecis
1279 2067 1366 2128 quam

219 2155 356 2235 Syriacis.
388 2153 493 2214 Omnia
513 2164 611 2215 autem
626 2153 725 2234 Cyrilli
739 2172 755 2214 a
770 2153 845 2213 libro
861 2152 1018 2213 undecimo
1033 2152 1196 2232 fragmenta
1211 2154 1334 2216 collecta
1341 2149 1367 2240 ¹)

219 2280 252 2321 ac
280 2261 421 2340 disposita
449 2260 506 2320 boc
533 2260 598 2321 loco
626 2259 817 2341 proponenda
846 2278 911 2320 esse
939 2259 1023 2342 duxi,
1052 2261 1130 2340 quod
1159 2281 1234 2342 opus
1258 2271 1304 2323 est
1331 2265 1367 2324 iis

219 2368 254 2428 ad
279 2368 480 2429 restituendos
499 2367 604 2428 luliani
626 2366 726 2428 libros.
766 2367 885 2447 Syriaca
903 2374 1001 2428 autem
1022 2367 1122 2446 Cyrilli
1146 2368 1307 2448 fragmenta
1332 2389 1367 2430 ex

220 2475 373 2536 codicibus
395 2475 490 2535 Musei
511 2473 673 2534 Britannici
692 2474 886 2535 describenda
909 2477 1011 2534 curavi
1033 2493 1088 2553 per
1107 2473 1294 2536 Hormizdam
1315 2477 1366 2557 Sy·

219 2600 286 2643 rum
309 2583 530 2661 Nestoriauum‚
554 2600 642 2661 quem
666 2580 792 2641 Londini
816 2583 928 2642 versari
952 2583 1062 2642 certior
1087 2581 1183 2642 lactus
1206 2590 1253 2642 est
1275 2582 1367 2643 Eber-

218 2689 329 2750 hardus
343 2689 443 2750 Nestle
457 2707 511 2768 per
524 2689 554 2748 F.
566 2688 768 2767 Baethgenum
782 2688 934 2748 doctorem
951 2686 1161 2748 lliloniensem.
1191 2688 1286 2768 Atque
1302 2692 1366 2770 ipsc

117 2853 124 2870 ,
220 2814 338 2875 quoque
353 2795 539 2875 Baetbgenus
559 2795 702 2875 quaedam
722 2796 888 2876 descripsit.
926 2795 1022 2874 Atque
1042 2813 1076 2856 ea
1095 2797 1183 2856 etiam
1204 2797 1367 2876 fragmenta

220 2903 339 2983 Syriaca
361 2903 472 2982 publici
495 2887 691 2963 iuris'lacere
716 2904 811 2962 visum
835 2909 894 2982 est,
918 2919 993 2980 quae
1017 2920 1052 2961 ex
1076 2903 1171 2980 prima
1195 2903 1294 2982 Cyrilli
1318 2905 1366 2964 de·

220 3010 290 3070 cade
310 3010 484 3089 deprompta
507 3017 585 3070 sunt.
624 3008 687 3079 Qua
711 3027 744 3069 re
763 3010 835 3068 viris
854 3009 990 3087 Syriacae
1009 3007 1126 3086 linguae
1150 3011 1254 3087 peritis
1278 3011 1367 3071 facul-

220 3125 264 3178 tas
292 3117 358 3176 data
391 3119 448 3178 erit
482 3115 630 3177 iudicandi
664 3116 701 3175 de
728 3117 873 3176 versionis
902 3114 1039 3194 Syriacae
1067 3117 1190 3176 ratione.
1232 3117 1366 3196 Reliquis

220 3232 318 3284 autem
342 3225 514 3303 fragmentis
534 3223 662 3304 Syriacis
686 3230 810 3302 excepto
834 3241 907 3302 uno,
932 3220 1010 3300 quod
1030 3222 1118 3280 etiam
1137 3220 1249 3284 Graece
1273 3232 1368 3285 exstat

220 3331 296 3409 apud
317 3330 472 3391 Leontium
494 3341 525 3391 et
544 3331 681 3404 loannem
699 3348 727 3409 p.
746 3326 818 3410 100,
842 3329 953 3390 adiecta
974 3336 1020 3389 est
1037 3331 1244 3409 interpretatio
1263 3330 1367 3391 Latina

220 3437 256 3497 ab
284 3436 456 3497 Eberhardo
489 3436 590 3497 Nestle
623 3438 772 3518 conlecta,
805 3437 856 3515 qui
888 3437 952 3516 ipse
981 3453 1099 3515 quoque
1131 3436 1220 3497 verba
1248 3437 1367 3517 Syriaca

220 3545 383 3604 constituit.
411 3543 471 3602 lam
487 3561 556 3603 vero
567 3545 631 3621 ipse
642 3542 827 3603 diversorum
838 3543 982 3603 librorum
993 3543 1156 3622 fragmenta
1170 3545 1210 3604 ita
1225 3545 1367 3625 disposui,

221 3657 254 3709 ut
278 3651 374 3727 primo
398 3649 463 3708 loco
483 3648 699 3710 collocarentur
718 3667 765 3734 ea,
788 3649 824 3710 de
844 3668 971 3728 quorum
995 3650 1099 3711 ordine
1123 3653 1234 3712 certius
1258 3650 1368 3731 aliquid

222 3765 351 3818 statuere
386 3756 470 3816 licuit
499 3758 559 3816 sive
588 3775 642 3834 per
673 3758 736 3836 ipsa
765 3759 826 3818 sive
859 3775 915 3836 per
945 3757 1050 3817 Iuliani
1078 3760 1239 3820 sententias
1267 3777 1303 3818 ex
1331 3759 1367 3818 iis

221 3864 398 3925 efficiendas,
442 3863 615 3941 Sequuntur
643 3862 755 3942 reliqua
784 3882 800 3922 a
828 3864 936 3923 loanne
966 3861 1159 3945 Damascene,
1191 3863 1313 3925 Leontio
1334 3872 1368 3924 'et

224 3971 346 4050 loanne‚
374 3971 404 4028 in
428 3971 540 4028 catenis
564 3969 684 4030 Graecis
709 3977 738 4030 et
763 3970 890 4050 Syriacis
915 3979 1042 4052 servata,
1066 3979 1154 4050 atque
1177 3973 1217 4032 ita
1241 3971 1371 4052 quidem,

221 4086 255 4139 ut
278 4076 415 4144 inlibris
440 4075 564 4136 alterum
589 4074 624 4136 ab
648 4076 740 4136 altero
765 4078 919 4155 excipitur.

293 4253 318 4316 1)
342 4248 374 4302 ln
396 4247 561 4318 fragmentis
580 4247 745 4318 colligendis
767 4264 812 4301 me
836 4247 946 4303 adiuvit
969 4249 1143 4304 admirabilia
1162 4248 1283 4304 Fabricii
1306 4249 1367 4303 dili-

221 4338 329 4404 genus,
349 4336 394 4392 cui
411 4353 467 4392 non
486 4355 595 4407 semper
612 4336 718 4408 posberi
736 4337 866 4391 meritam
884 4337 997 4392 laudem
1014 4338 1179 4392 tribuerunt.
