<?xml version="1.0" encoding="UTF-8"?>
<!DOCTYPE html PUBLIC "-//W3C//DTD XHTML 1.0 Transitional//EN"
    "http://www.w3.org/TR/xhtml1/DTD/xhtml1-transitional.dtd">
<html xmlns="http://www.w3.org/1999/xhtml" xml:lang="en" lang="en">
 <head>
  <title>
</title>
<meta http-equiv="Content-Type" content="text/html;charset=utf-8" />
  <meta name='ocr-system' content='tesseract 3.04.00' />
  <meta name='ocr-capabilities' content='ocr_page ocr_carea ocr_par ocr_line ocrx_word'/>
</head>
<body>
  <div class='ocr_page' id='page_1' title='image "./ivlianiimperato00juligoog_0234.png"; bbox 0 0 3182 4914; ppageno 0'>
   <div class='ocr_carea' id='block_1_1' title="bbox 254 297 1082 360">
    <p class='ocr_par' dir='ltr' id='par_1_1' title="bbox 254 297 1082 360">
     <span class='ocr_line' id='line_1_1' title="bbox 254 297 1082 360; baseline -0.012 0"><span class='ocrx_word' id='word_1_1' title='bbox 254 297 320 360; x_wconf 79' lang='lat'>210</span> <span class='ocrx_word' id='word_1_2' title='bbox 568 299 776 353; x_wconf 75' lang='grc' dir='ltr'>ιουλτιυον</span> <span class='ocrx_word' id='word_1_3' title='bbox 794 300 1082 352; x_wconf 72' lang='grc' dir='ltr'>λιτοιςριπουοο</span> 
     </span>
    </p>
   </div>
   <div class='ocr_carea' id='block_1_2' title="bbox 225 458 1505 1137">
    <p class='ocr_par' dir='ltr' id='par_1_2' title="bbox 252 458 1399 544">
     <span class='ocr_line' id='line_1_2' title="bbox 252 458 1399 544; baseline 0 -20"><span class='ocrx_word' id='word_1_4' title='bbox 252 461 328 525; x_wconf 83' lang='grc' dir='ltr'>οὐδὲ</span> <span class='ocrx_word' id='word_1_5' title='bbox 344 461 470 541; x_wconf 89' lang='grc' dir='ltr'>ἀλφοὺς</span> <span class='ocrx_word' id='word_1_6' title='bbox 480 462 554 527; x_wconf 87' lang='grc' dir='ltr'>οὔτε</span> <span class='ocrx_word' id='word_1_7' title='bbox 566 461 814 544; x_wconf 90' lang='grc' dir='ltr'>ἀκροχορδῶνας</span> <span class='ocrx_word' id='word_1_8' title='bbox 829 463 905 529; x_wconf 81' lang='grc' dir='ltr'>οὐδὲ</span> <span class='ocrx_word' id='word_1_9' title='bbox 919 461 1088 542; x_wconf 78' lang='grc' dir='ltr'>ποδάγραν</span> <span class='ocrx_word' id='word_1_10' title='bbox 1098 461 1175 526; x_wconf 86' lang='grc' dir='ltr'>οὐδὲ</span> <span class='ocrx_word' id='word_1_11' title='bbox 1185 458 1399 538; x_wconf 88' lang='grc' dir='ltr'>δυςεντερίαν,</span> 
     </span>
    </p>

    <p class='ocr_par' dir='ltr' id='par_1_3' title="bbox 251 567 1398 652">
     <span class='ocr_line' id='line_1_3' title="bbox 251 567 1398 652; baseline -0.001 -19"><span class='ocrx_word' id='word_1_12' title='bbox 251 569 311 650; x_wconf 84' lang='grc' dir='ltr'>οὐχ</span> <span class='ocrx_word' id='word_1_13' title='bbox 327 570 452 650; x_wconf 85' lang='grc' dir='ltr'>ὕδερον,</span> <span class='ocrx_word' id='word_1_14' title='bbox 472 570 512 634; x_wconf 84' lang='grc' dir='ltr'>οὐ</span> <span class='ocrx_word' id='word_1_15' title='bbox 526 571 743 652; x_wconf 86' lang='grc' dir='ltr'>παρωνυχίαν,</span> <span class='ocrx_word' id='word_1_16' title='bbox 758 572 796 637; x_wconf 85' lang='grc' dir='ltr'>οὐ</span> <span class='ocrx_word' id='word_1_17' title='bbox 812 572 930 651; x_wconf 88' lang='grc' dir='ltr'>μικρὸν,</span> <span class='ocrx_word' id='word_1_18' title='bbox 952 571 992 635; x_wconf 85' lang='grc' dir='ltr'>οὐ</span> <span class='ocrx_word' id='word_1_19' title='bbox 1006 571 1087 649; x_wconf 87' lang='grc' dir='ltr'>μέγα</span> <span class='ocrx_word' id='word_1_20' title='bbox 1101 573 1167 634; x_wconf 95' lang='grc' dir='ltr'>τῶν</span> <span class='ocrx_word' id='word_1_21' title='bbox 1180 572 1238 632; x_wconf 83' lang='grc' dir='ltr'>τοῦ</span> <span class='ocrx_word' id='word_1_22' title='bbox 1254 567 1398 648; x_wconf 86' lang='grc' dir='ltr'>ςώματος</span> 
     </span>
    </p>

    <p class='ocr_par' dir='ltr' id='par_1_4' title="bbox 251 676 1399 769">
     <span class='ocr_line' id='line_1_4' title="bbox 251 676 1399 769; baseline -0.002 -29"><span class='ocrx_word' id='word_1_23' title='bbox 251 676 494 758; x_wconf 85' lang='grc' dir='ltr'>ἁμαρτημάτων,</span> <span class='ocrx_word' id='word_1_24' title='bbox 509 678 650 758; x_wconf 79' lang='grc' dir='ltr'>μοιχεία(</span> <span class='ocrx_word' id='word_1_25' title='bbox 660 681 696 743; x_wconf 88' lang='grc' dir='ltr'>δέ</span> <span class='ocrx_word' id='word_1_26' title='bbox 706 680 758 769; x_wconf 86' lang='grc' dir='ltr'>καὶ</span> <span class='ocrx_word' id='word_1_27' title='bbox 767 679 914 758; x_wconf 87' lang='grc' dir='ltr'>ἁρπαγὰς</span> <span class='ocrx_word' id='word_1_28' title='bbox 928 679 979 743; x_wconf 83' lang='grc' dir='ltr'>καὶ</span> <span class='ocrx_word' id='word_1_29' title='bbox 989 677 1090 743; x_wconf 87' lang='grc' dir='ltr'>πάςας</span> <span class='ocrx_word' id='word_1_30' title='bbox 1105 677 1217 741; x_wconf 88' lang='grc' dir='ltr'>ἁπλῶς</span> <span class='ocrx_word' id='word_1_31' title='bbox 1225 681 1282 755; x_wconf 88' lang='grc' dir='ltr'>τῆς</span> <span class='ocrx_word' id='word_1_32' title='bbox 1293 679 1399 754; x_wconf 87' lang='grc' dir='ltr'>ψυχῆς</span> 
     </span>
    </p>

    <p class='ocr_par' dir='ltr' id='par_1_5' title="bbox 225 780 1505 958">
     <span class='ocr_line' id='line_1_5' title="bbox 251 780 1505 868; baseline -0.002 -20"><span class='ocrx_word' id='word_1_33' title='bbox 251 784 451 864; x_wconf 83' lang='grc' dir='ltr'>παρανομία(</span> <span class='ocrx_word' id='word_1_34' title='bbox 474 781 588 860; x_wconf 81' lang='grc' dir='ltr'>ἐξελεῗ;</span> <span class='ocrx_word' id='word_1_35' title='bbox 610 783 615 868; x_wconf 92' lang='grc' dir='ltr'>Ι</span> <span class='ocrx_word' id='word_1_36' title='bbox 636 788 737 868; x_wconf 78' lang='lat' dir='ltr'>Cyrilli</span> <span class='ocrx_word' id='word_1_37' title='bbox 751 789 853 850; x_wconf 84' lang='lat' dir='ltr'><strong>verba:</strong></span> <span class='ocrx_word' id='word_1_38' title='bbox 879 794 947 845; x_wconf 88' lang='grc' dir='ltr'>τοὺς</span> <span class='ocrx_word' id='word_1_39' title='bbox 965 793 1010 845; x_wconf 87' lang='grc' dir='ltr'>διὰ</span> <span class='ocrx_word' id='word_1_40' title='bbox 1032 791 1148 859; x_wconf 83' lang='grc' dir='ltr'>πίςτεως</span> <span class='ocrx_word' id='word_1_41' title='bbox 1165 795 1216 858; x_wconf 82' lang='grc' dir='ltr'>τῆς</span> <span class='ocrx_word' id='word_1_42' title='bbox 1237 791 1267 844; x_wconf 91' lang='grc' dir='ltr'>ἐν</span> <span class='ocrx_word' id='word_1_43' title='bbox 1288 789 1392 858; x_wconf 87' lang='grc' dir='ltr'>ΧριςτιῙι</span> <span class='ocrx_word' id='word_1_44' title='bbox 1410 780 1505 845; x_wconf 80' lang='grc'>2491)</span> 
     </span>
     <span class='ocr_line' id='line_1_6' title="bbox 225 888 1399 958; baseline -0.003 -16"><span class='ocrx_word' id='word_1_45' title='bbox 225 890 500 956; x_wconf 82' lang='grc' dir='ltr'>όςεςαγηνευμένους</span> <span class='ocrx_word' id='word_1_46' title='bbox 523 889 562 943; x_wconf 86' lang='grc' dir='ltr'>εἰς</span> <span class='ocrx_word' id='word_1_47' title='bbox 584 888 729 955; x_wconf 88' lang='grc' dir='ltr'>ἐπίγνωςιν</span> <span class='ocrx_word' id='word_1_48' title='bbox 756 893 801 944; x_wconf 82' lang='grc' dir='ltr'>καὶ</span> <span class='ocrx_word' id='word_1_49' title='bbox 828 890 957 958; x_wconf 81' lang='grc' dir='ltr'>λατρείαν</span> <span class='ocrx_word' id='word_1_50' title='bbox 984 895 1036 944; x_wconf 85' lang='grc' dir='ltr'>τοο</span> <span class='ocrx_word' id='word_1_51' title='bbox 1065 891 1135 943; x_wconf 87' lang='grc' dir='ltr'>κατὰ</span> <span class='ocrx_word' id='word_1_52' title='bbox 1160 890 1291 956; x_wconf 85' lang='grc' dir='ltr'>ἀλήθειαν</span> <span class='ocrx_word' id='word_1_53' title='bbox 1317 888 1399 940; x_wconf 89' lang='grc' dir='ltr'>όντος</span> 
     </span>
    </p>

    <p class='ocr_par' dir='ltr' id='par_1_6' title="bbox 251 977 1398 1048">
     <span class='ocr_line' id='line_1_7' title="bbox 251 977 1398 1048; baseline -0.003 -16"><span class='ocrx_word' id='word_1_54' title='bbox 251 982 316 1032; x_wconf 75' lang='lat' dir='ltr'>Osco</span> <span class='ocrx_word' id='word_1_55' title='bbox 346 980 535 1046; x_wconf 90' lang='grc' dir='ltr'>προςεοικέναι</span> <span class='ocrx_word' id='word_1_56' title='bbox 578 981 661 1047; x_wconf 89' lang='grc' dir='ltr'>φηςίν</span> <span class='ocrx_word' id='word_1_57' title='bbox 685 982 735 1047; x_wconf 90' lang='lat' dir='ltr'>(sc.</span> <span class='ocrx_word' id='word_1_58' title='bbox 763 981 779 1033; x_wconf 93' lang='grc' dir='ltr'>ό</span> <span class='ocrx_word' id='word_1_59' title='bbox 805 981 960 1048; x_wconf 88' lang='grc' dir='ltr'>Ἰουλιανὸς)</span> <span class='ocrx_word' id='word_1_60' title='bbox 986 980 1183 1047; x_wconf 89' lang='grc' dir='ltr'>ἀνδραπόδοις,</span> <span class='ocrx_word' id='word_1_61' title='bbox 1217 977 1234 1030; x_wconf 83' lang='grc' dir='ltr'>ἃ</span> <span class='ocrx_word' id='word_1_62' title='bbox 1259 983 1310 1042; x_wconf 83' lang='grc' dir='ltr'>τῆς</span> <span class='ocrx_word' id='word_1_63' title='bbox 1339 981 1398 1028; x_wconf 91' lang='grc' dir='ltr'>τῶν</span> 
     </span>
    </p>

    <p class='ocr_par' dir='ltr' id='par_1_7' title="bbox 251 1064 1399 1137">
     <span class='ocr_line' id='line_1_8' title="bbox 251 1064 1399 1137; baseline -0.003 -16"><span class='ocrx_word' id='word_1_64' title='bbox 251 1070 392 1122; x_wconf 89' lang='grc' dir='ltr'>δεςποτῶν</span> <span class='ocrx_word' id='word_1_65' title='bbox 411 1067 499 1123; x_wconf 87' lang='grc' dir='ltr'>ἐςτίας</span> <span class='ocrx_word' id='word_1_66' title='bbox 517 1068 672 1137; x_wconf 83' lang='grc' dir='ltr'>ἀπαίροντα</span> <span class='ocrx_word' id='word_1_67' title='bbox 691 1070 919 1137; x_wconf 90' lang='grc' dir='ltr'>δεδυςφορηκότα</span> <span class='ocrx_word' id='word_1_68' title='bbox 937 1085 969 1123; x_wconf 90' lang='grc' dir='ltr'>τε</span> <span class='ocrx_word' id='word_1_69' title='bbox 982 1068 1043 1123; x_wconf 88' lang='grc' dir='ltr'>λίαν</span> <span class='ocrx_word' id='word_1_70' title='bbox 1061 1071 1125 1136; x_wconf 77' lang='grc' dir='ltr'>περὶ</span> <span class='ocrx_word' id='word_1_71' title='bbox 1138 1069 1190 1122; x_wconf 90' lang='grc' dir='ltr'>τόν</span> <span class='ocrx_word' id='word_1_72' title='bbox 1208 1073 1259 1132; x_wconf 80' lang='grc' dir='ltr'>τῇς</span> <span class='ocrx_word' id='word_1_73' title='bbox 1273 1064 1399 1120; x_wconf 89' lang='grc' dir='ltr'>δουλείας</span> 
     </span>
    </p>
   </div>
   <div class='ocr_carea' id='block_1_3' title="bbox 250 1155 1396 1317">
    <p class='ocr_par' dir='ltr' id='par_1_8' title="bbox 250 1155 1396 1317">
     <span class='ocr_line' id='line_1_9' title="bbox 250 1155 1396 1226; baseline -0.003 -15"><span class='ocrx_word' id='word_1_74' title='bbox 250 1157 335 1221; x_wconf 85' lang='grc' dir='ltr'>Ζυγόν</span> <span class='ocrx_word' id='word_1_75' title='bbox 358 1158 427 1224; x_wconf 91' lang='grc' dir='ltr'>πρός</span> <span class='ocrx_word' id='word_1_76' title='bbox 454 1162 539 1213; x_wconf 77' lang='grc' dir='ltr'>καλου</span> <span class='ocrx_word' id='word_1_77' title='bbox 564 1160 614 1224; x_wconf 86' lang='grc' dir='ltr'>μὲν</span> <span class='ocrx_word' id='word_1_78' title='bbox 637 1160 739 1212; x_wconf 85' lang='grc' dir='ltr'>ἐςεςθαι</span> <span class='ocrx_word' id='word_1_79' title='bbox 763 1157 852 1226; x_wconf 91' lang='grc' dir='ltr'>ςφίςιν</span> <span class='ocrx_word' id='word_1_80' title='bbox 875 1160 969 1213; x_wconf 86' lang='grc' dir='ltr'>αὐτοῖς</span> <span class='ocrx_word' id='word_1_81' title='bbox 996 1159 1030 1211; x_wconf 92' lang='grc' dir='ltr'>τό</span> <span class='ocrx_word' id='word_1_82' title='bbox 1054 1159 1209 1226; x_wconf 84' lang='grc' dir='ltr'>ἀποδράναι</span> <span class='ocrx_word' id='word_1_83' title='bbox 1232 1155 1396 1222; x_wconf 79' lang='grc' dir='ltr'>νομίζουςιν,</span> 
     </span>
     <span class='ocr_line' id='line_1_10' title="bbox 250 1245 1341 1317; baseline 0 -18"><span class='ocrx_word' id='word_1_84' title='bbox 250 1247 420 1313; x_wconf 71' lang='grc' dir='ltr'>ἡμαρτηκότι</span> <span class='ocrx_word' id='word_1_85' title='bbox 440 1249 470 1301; x_wconf 82' lang='grc' dir='ltr'>δὲ</span> <span class='ocrx_word' id='word_1_86' title='bbox 487 1254 539 1313; x_wconf 83' lang='grc' dir='ltr'>τῆς</span> <span class='ocrx_word' id='word_1_87' title='bbox 558 1246 667 1302; x_wconf 89' lang='grc' dir='ltr'>ἐλπίδος</span> <span class='ocrx_word' id='word_1_88' title='bbox 686 1249 769 1302; x_wconf 84' lang='grc' dir='ltr'>οὐδὲν</span> <span class='ocrx_word' id='word_1_89' title='bbox 788 1248 829 1301; x_wconf 88' lang='grc' dir='ltr'>ῶν</span> <span class='ocrx_word' id='word_1_90' title='bbox 848 1248 990 1316; x_wconf 84' lang='grc' dir='ltr'>ἐςχὴκαςιν</span> <span class='ocrx_word' id='word_1_91' title='bbox 1009 1248 1121 1313; x_wconf 81' lang='grc' dir='ltr'>ἐκβῆναι</span> <span class='ocrx_word' id='word_1_92' title='bbox 1141 1245 1201 1317; x_wconf 87' lang='grc' dir='ltr'>[τό]</span> <span class='ocrx_word' id='word_1_93' title='bbox 1219 1246 1341 1313; x_wconf 83' lang='grc' dir='ltr'>χεῖρου.Ι</span> 
     </span>
    </p>
   </div>
   <div class='ocr_carea' id='block_1_4' title="bbox 206 1329 1505 2062">
    <p class='ocr_par' dir='ltr' id='par_1_9' title="bbox 207 1329 1505 1848">
     <span class='ocr_line' id='line_1_11' title="bbox 207 1329 1505 1419; baseline -0.002 -15"><span class='ocrx_word' id='word_1_94' title='bbox 207 1357 240 1405; x_wconf 89' lang='lat'>10</span> <span class='ocrx_word' id='word_1_95' title='bbox 339 1335 463 1417; x_wconf 79' lang='grc' dir='ltr'>Ἐπειδὴ</span> <span class='ocrx_word' id='word_1_96' title='bbox 493 1340 528 1402; x_wconf 80' lang='grc' dir='ltr'>δὲ</span> <span class='ocrx_word' id='word_1_97' title='bbox 557 1340 637 1418; x_wconf 89' lang='grc' dir='ltr'>πρὸς</span> <span class='ocrx_word' id='word_1_98' title='bbox 666 1341 724 1419; x_wconf 85' lang='grc' dir='ltr'>μὲν</span> <span class='ocrx_word' id='word_1_99' title='bbox 751 1341 827 1405; x_wconf 88' lang='grc' dir='ltr'>τοὺς</span> <span class='ocrx_word' id='word_1_100' title='bbox 854 1342 925 1406; x_wconf 89' lang='grc' dir='ltr'>νυνὶ</span> <span class='ocrx_word' id='word_1_101' title='bbox 944 1339 1118 1405; x_wconf 90' lang='grc' dir='ltr'>-Ἰουδαίους</span> <span class='ocrx_word' id='word_1_102' title='bbox 1146 1344 1198 1404; x_wconf 92' lang='grc' dir='ltr'>δια</span> <span class='ocrx_word' id='word_1_103' title='bbox 1219 1344 1224 1418; x_wconf 93' lang='grc' dir='ltr'>Ι</span> <span class='ocrx_word' id='word_1_104' title='bbox 1244 1337 1395 1418; x_wconf 90' lang='grc' dir='ltr'>φέρεςθαί</span> <span class='ocrx_word' id='word_1_105' title='bbox 1411 1329 1505 1396; x_wconf 71' lang='grc' dir='ltr'>25άά</span> 
     </span>
     <span class='ocr_line' id='line_1_12' title="bbox 241 1436 1503 1532; baseline 0.002 -24"><span class='ocrx_word' id='word_1_106' title='bbox 241 1464 359 1525; x_wconf 66' lang='grc' dir='ltr'>«φαςιν,</span> <span class='ocrx_word' id='word_1_107' title='bbox 384 1444 465 1509; x_wconf 78' lang='grc' dir='ltr'>εἶναι</span> <span class='ocrx_word' id='word_1_108' title='bbox 485 1447 520 1510; x_wconf 84' lang='grc' dir='ltr'>δέ</span> <span class='ocrx_word' id='word_1_109' title='bbox 539 1445 675 1527; x_wconf 87' lang='grc' dir='ltr'>ἀκριβῶς</span> <span class='ocrx_word' id='word_1_110' title='bbox 694 1447 877 1527; x_wconf 88' lang='grc' dir='ltr'>Ἰςραηλῑται</span> <span class='ocrx_word' id='word_1_111' title='bbox 896 1448 977 1512; x_wconf 91' lang='grc' dir='ltr'>κατὰ</span> <span class='ocrx_word' id='word_1_112' title='bbox 994 1449 1070 1512; x_wconf 85' lang='grc' dir='ltr'>τοὺς</span> <span class='ocrx_word' id='word_1_113' title='bbox 1089 1449 1259 1532; x_wconf 79' lang='grc' dir='ltr'>προφήτας</span> <span class='ocrx_word' id='word_1_114' title='bbox 1278 1446 1394 1526; x_wconf 88' lang='grc' dir='ltr'>αὐτῶν,</span> <span class='ocrx_word' id='word_1_115' title='bbox 1410 1436 1503 1502; x_wconf 77' lang='lat' dir='ltr'><strong>253ss</strong></span> 
     </span>
     <span class='ocr_line' id='line_1_13' title="bbox 250 1551 1397 1637; baseline 0.002 -22"><span class='ocrx_word' id='word_1_116' title='bbox 250 1553 300 1615; x_wconf 91' lang='grc' dir='ltr'>καὶ</span> <span class='ocrx_word' id='word_1_117' title='bbox 323 1557 370 1636; x_wconf 85' lang='grc' dir='ltr'>τῶ</span> <span class='ocrx_word' id='word_1_118' title='bbox 391 1553 509 1637; x_wconf 86' lang='grc' dir='ltr'>Μωυςῇ</span> <span class='ocrx_word' id='word_1_119' title='bbox 534 1551 665 1632; x_wconf 87' lang='grc' dir='ltr'>μάλιςτα</span> <span class='ocrx_word' id='word_1_120' title='bbox 683 1554 843 1620; x_wconf 89' lang='grc' dir='ltr'>πείθεςθαι</span> <span class='ocrx_word' id='word_1_121' title='bbox 867 1555 1005 1620; x_wconf 77' lang='grc' dir='ltr'>καὶτοῖς</span> <span class='ocrx_word' id='word_1_122' title='bbox 1024 1553 1083 1618; x_wconf 86' lang='grc' dir='ltr'>ἀπ’</span> <span class='ocrx_word' id='word_1_123' title='bbox 1102 1555 1227 1620; x_wconf 86' lang='grc' dir='ltr'>ἐκείνου</span> <span class='ocrx_word' id='word_1_124' title='bbox 1246 1555 1318 1633; x_wconf 89' lang='grc' dir='ltr'>περὶ</span> <span class='ocrx_word' id='word_1_125' title='bbox 1335 1557 1397 1633; x_wconf 87' lang='grc' dir='ltr'>τὴν</span> 
     </span>
     <span class='ocr_line' id='line_1_14' title="bbox 250 1655 1397 1742; baseline 0.002 -20"><span class='ocrx_word' id='word_1_126' title='bbox 250 1655 406 1724; x_wconf 84' lang='grc' dir='ltr'>Ἰουδαίαν</span> <span class='ocrx_word' id='word_1_127' title='bbox 436 1659 675 1739; x_wconf 85' lang='grc' dir='ltr'>ἐπιγενομένοις</span> <span class='ocrx_word' id='word_1_128' title='bbox 709 1663 902 1742; x_wconf 87' lang='grc' dir='ltr'>προφήταις,</span> <span class='ocrx_word' id='word_1_129' title='bbox 934 1661 1068 1742; x_wconf 85' lang='grc' dir='ltr'>ἴδωμεν,</span> <span class='ocrx_word' id='word_1_130' title='bbox 1100 1662 1181 1726; x_wconf 90' lang='grc' dir='ltr'>κατά</span> <span class='ocrx_word' id='word_1_131' title='bbox 1203 1662 1232 1725; x_wconf 90' lang='grc' dir='ltr'>τί</span> <span class='ocrx_word' id='word_1_132' title='bbox 1264 1660 1397 1741; x_wconf 90' lang='grc' dir='ltr'>μάλιςτα</span> 
     </span>
     <span class='ocr_line' id='line_1_15' title="bbox 250 1765 1397 1848; baseline 0.002 -18"><span class='ocrx_word' id='word_1_133' title='bbox 250 1765 462 1844; x_wconf 84' lang='grc' dir='ltr'>όμολογοῦςιν</span> <span class='ocrx_word' id='word_1_134' title='bbox 485 1768 603 1832; x_wconf 89' lang='grc' dir='ltr'>αὐτοῖς.</span> <span class='ocrx_word' id='word_1_135' title='bbox 646 1768 781 1848; x_wconf 87' lang='grc' dir='ltr'>ἀρκτέον</span> <span class='ocrx_word' id='word_1_136' title='bbox 810 1771 846 1832; x_wconf 87' lang='grc' dir='ltr'>δέ</span> <span class='ocrx_word' id='word_1_137' title='bbox 873 1770 949 1848; x_wconf 89' lang='grc' dir='ltr'>ἡμῖν</span> <span class='ocrx_word' id='word_1_138' title='bbox 972 1767 1037 1833; x_wconf 90' lang='grc' dir='ltr'>άπὸ</span> <span class='ocrx_word' id='word_1_139' title='bbox 1064 1773 1131 1833; x_wconf 90' lang='grc' dir='ltr'>τῶν</span> <span class='ocrx_word' id='word_1_140' title='bbox 1155 1770 1329 1848; x_wconf 89' lang='grc' dir='ltr'>Μωυςέως,</span> <span class='ocrx_word' id='word_1_141' title='bbox 1357 1769 1397 1832; x_wconf 88' lang='grc' dir='ltr'>ὃν</span> 
     </span>
    </p>

    <p class='ocr_par' dir='ltr' id='par_1_10' title="bbox 206 1874 1396 1955">
     <span class='ocr_line' id='line_1_16' title="bbox 206 1874 1396 1955; baseline 0.001 -16"><span class='ocrx_word' id='word_1_142' title='bbox 206 1890 238 1939; x_wconf 84' lang='lat'>15</span> <span class='ocrx_word' id='word_1_143' title='bbox 249 1875 287 1953; x_wconf 87' lang='grc' dir='ltr'>δὴ</span> <span class='ocrx_word' id='word_1_144' title='bbox 316 1875 367 1939; x_wconf 83' lang='grc' dir='ltr'>καὶ</span> <span class='ocrx_word' id='word_1_145' title='bbox 395 1875 495 1940; x_wconf 87' lang='grc' dir='ltr'>αὐτόν</span> <span class='ocrx_word' id='word_1_146' title='bbox 523 1895 599 1954; x_wconf 90' lang='grc' dir='ltr'>φαςι</span> <span class='ocrx_word' id='word_1_147' title='bbox 626 1876 819 1954; x_wconf 80' lang='grc' dir='ltr'>προκηρύξαι</span> <span class='ocrx_word' id='word_1_148' title='bbox 846 1877 906 1955; x_wconf 87' lang='grc' dir='ltr'>τὴν</span> <span class='ocrx_word' id='word_1_149' title='bbox 934 1876 1088 1954; x_wconf 88' lang='grc' dir='ltr'>ἐςομένην</span> <span class='ocrx_word' id='word_1_150' title='bbox 1116 1874 1213 1954; x_wconf 88' lang='grc' dir='ltr'>Ἰηςοῦ</span> <span class='ocrx_word' id='word_1_151' title='bbox 1241 1876 1396 1955; x_wconf 89' lang='grc' dir='ltr'>γέννηςιν.</span> 
     </span>
    </p>

    <p class='ocr_par' dir='ltr' id='par_1_11' title="bbox 249 1980 1395 2062">
     <span class='ocr_line' id='line_1_17' title="bbox 249 1980 1395 2062; baseline 0.002 -18"><span class='ocrx_word' id='word_1_152' title='bbox 249 1981 267 2044; x_wconf 89' lang='grc' dir='ltr'>δ</span> <span class='ocrx_word' id='word_1_153' title='bbox 291 1982 401 2046; x_wconf 92' lang='grc' dir='ltr'>τοίνυν</span> <span class='ocrx_word' id='word_1_154' title='bbox 426 1984 562 2062; x_wconf 87' lang='grc' dir='ltr'>Μωυςῆς</span> <span class='ocrx_word' id='word_1_155' title='bbox 586 1980 645 2062; x_wconf 84' lang='grc' dir='ltr'>οὐχ</span> <span class='ocrx_word' id='word_1_156' title='bbox 669 1981 753 2048; x_wconf 88' lang='grc' dir='ltr'>άπαξ</span> <span class='ocrx_word' id='word_1_157' title='bbox 777 1982 853 2046; x_wconf 83' lang='grc' dir='ltr'>οὐδὲ</span> <span class='ocrx_word' id='word_1_158' title='bbox 878 1981 925 2045; x_wconf 84' lang='grc' dir='ltr'>δίς</span> <span class='ocrx_word' id='word_1_159' title='bbox 949 1981 1026 2046; x_wconf 79' lang='grc' dir='ltr'>οὐδὲ</span> <span class='ocrx_word' id='word_1_160' title='bbox 1044 1983 1120 2062; x_wconf 86' lang='grc' dir='ltr'>τρὶς,</span> <span class='ocrx_word' id='word_1_161' title='bbox 1144 1980 1227 2047; x_wconf 89' lang='grc' dir='ltr'>ἀλλὰ</span> <span class='ocrx_word' id='word_1_162' title='bbox 1251 1982 1395 2048; x_wconf 90' lang='grc' dir='ltr'>πλειςτά-</span> 
     </span>
    </p>
   </div>
   <div class='ocr_carea' id='block_1_5' title="bbox 247 2192 1397 2620">
    <p class='ocr_par' dir='ltr' id='par_1_12' title="bbox 247 2192 1397 2620">
     <span class='ocr_line' id='line_1_18' title="bbox 319 2192 1393 2264; baseline 0.003 -18"><span class='ocrx_word' id='word_1_163' title='bbox 319 2195 557 2262; x_wconf 65' lang='grc' dir='ltr'>βούχτιιεηαεο</span> <span class='ocrx_word' id='word_1_164' title='bbox 591 2194 596 2263; x_wconf 88' lang='grc' dir='ltr'>Ι</span> <span class='ocrx_word' id='word_1_165' title='bbox 630 2194 815 2262; x_wconf 68' lang='grc' dir='ltr'>οὺῑιιεηαοο</span> <span class='ocrx_word' id='word_1_166' title='bbox 859 2192 864 2259; x_wconf 89' lang='grc' dir='ltr'>Ι</span> <span class='ocrx_word' id='word_1_167' title='bbox 906 2194 1092 2261; x_wconf 78' lang='grc' dir='ltr'>οὐειιεηυαο</span> <span class='ocrx_word' id='word_1_168' title='bbox 1135 2196 1139 2261; x_wconf 92' lang='grc' dir='ltr'>Ι</span> <span class='ocrx_word' id='word_1_169' title='bbox 1184 2193 1393 2264; x_wconf 73' lang='grc' dir='ltr'>οῠεαοηυοθί</span> 
     </span>
     <span class='ocr_line' id='line_1_19' title="bbox 247 2265 1397 2334; baseline 0.002 -18"><span class='ocrx_word' id='word_1_170' title='bbox 247 2269 306 2317; x_wconf 92' lang='grc' dir='ltr'>τῶν</span> <span class='ocrx_word' id='word_1_171' title='bbox 319 2282 371 2318; x_wconf 93' lang='grc' dir='ltr'>του</span> <span class='ocrx_word' id='word_1_172' title='bbox 386 2266 448 2333; x_wconf 87' lang='lat' dir='ltr'>(sic)</span> <span class='ocrx_word' id='word_1_173' title='bbox 471 2267 596 2331; x_wconf 90' lang='grc' dir='ltr'>ςώματος</span> <span class='ocrx_word' id='word_1_174' title='bbox 614 2266 821 2332; x_wconf 86' lang='grc' dir='ltr'>ἁμαρτημάτων</span> <span class='ocrx_word' id='word_1_175' title='bbox 837 2265 877 2317; x_wconf 79' lang='lat' dir='ltr'>M:</span> <span class='ocrx_word' id='word_1_176' title='bbox 897 2265 1021 2332; x_wconf 75' lang='lat' dir='ltr'>corporis</span> <span class='ocrx_word' id='word_1_177' title='bbox 1030 2267 1210 2334; x_wconf 75' lang='lat' dir='ltr'>peccatumO</span> <span class='ocrx_word' id='word_1_178' title='bbox 1244 2267 1248 2330; x_wconf 89' lang='lat' dir='ltr'>l</span> <span class='ocrx_word' id='word_1_179' title='bbox 1283 2267 1397 2320; x_wconf 78' lang='grc' dir='ltr'>4ἐξελεῖ</span> 
     </span>
     <span class='ocr_line' id='line_1_20' title="bbox 248 2335 1396 2405; baseline 0.003 -19"><span class='ocrx_word' id='word_1_180' title='bbox 248 2335 390 2390; x_wconf 79' lang='grc' dir='ltr'>Αυδοτόυο</span> <span class='ocrx_word' id='word_1_181' title='bbox 415 2338 518 2391; x_wconf 80' lang='lat' dir='ltr'><em>tolleret</em></span> <span class='ocrx_word' id='word_1_182' title='bbox 540 2338 575 2390; x_wconf 93' lang='lat' dir='ltr'>O:</span> <span class='ocrx_word' id='word_1_183' title='bbox 601 2337 702 2391; x_wconf 79' lang='grc' dir='ltr'>ἐξελεῖν</span> <span class='ocrx_word' id='word_1_184' title='bbox 722 2337 750 2390; x_wconf 90' lang='grc' dir='ltr'><em>Μ</em></span> <span class='ocrx_word' id='word_1_185' title='bbox 791 2336 796 2404; x_wconf 80' lang='grc' dir='ltr'>Ι</span> <span class='ocrx_word' id='word_1_186' title='bbox 835 2337 900 2404; x_wconf 82' lang='lat' dir='ltr'>post</span> <span class='ocrx_word' id='word_1_187' title='bbox 925 2337 1008 2391; x_wconf 82' lang='grc' dir='ltr'>ἐξελεῖ</span> <span class='ocrx_word' id='word_1_188' title='bbox 1031 2336 1142 2405; x_wconf 85' lang='lat' dir='ltr'>signum</span> <span class='ocrx_word' id='word_1_189' title='bbox 1168 2336 1396 2405; x_wconf 73' lang='lat' dir='ltr'>interrogationis</span> 
     </span>
     <span class='ocr_line' id='line_1_21' title="bbox 247 2405 1397 2476; baseline 0 -16"><span class='ocrx_word' id='word_1_190' title='bbox 247 2405 331 2476; x_wconf 89' lang='lat' dir='ltr'>posui</span> <span class='ocrx_word' id='word_1_191' title='bbox 365 2410 369 2473; x_wconf 74' lang='grc' dir='ltr'>λ</span> <span class='ocrx_word' id='word_1_192' title='bbox 403 2410 521 2461; x_wconf 85' lang='grc' dir='ltr'>τοὺς-</span> <span class='ocrx_word' id='word_1_193' title='bbox 545 2409 795 2475; x_wconf 88' lang='grc' dir='ltr'>ςεςαγηνευμένους</span> <span class='ocrx_word' id='word_1_194' title='bbox 814 2408 854 2460; x_wconf 76' lang='grc' dir='ltr'>Μτ</span> <span class='ocrx_word' id='word_1_195' title='bbox 873 2408 922 2476; x_wconf 78' lang='lat' dir='ltr'>qui</span> <span class='ocrx_word' id='word_1_196' title='bbox 941 2409 1138 2476; x_wconf 78' lang='grc' dir='ltr'>αυιιριεραόίο</span> <span class='ocrx_word' id='word_1_197' title='bbox 1177 2412 1182 2476; x_wconf 82' lang='grc' dir='ltr'>Ι</span> <span class='ocrx_word' id='word_1_198' title='bbox 1220 2411 1306 2461; x_wconf 79' lang='grc' dir='ltr'>ὅτου</span> <span class='ocrx_word' id='word_1_199' title='bbox 1326 2409 1397 2460; x_wconf 88' lang='grc' dir='ltr'>κατά</span> 
     </span>
     <span class='ocr_line' id='line_1_22' title="bbox 248 2477 1397 2546; baseline 0 -15"><span class='ocrx_word' id='word_1_200' title='bbox 248 2478 379 2546; x_wconf 87' lang='grc' dir='ltr'>ἀλήθειαν</span> <span class='ocrx_word' id='word_1_201' title='bbox 398 2481 480 2534; x_wconf 87' lang='grc' dir='ltr'>όντος</span> <span class='ocrx_word' id='word_1_202' title='bbox 497 2483 563 2532; x_wconf 84' lang='grc' dir='ltr'>Θεοθ</span> <span class='ocrx_word' id='word_1_203' title='bbox 583 2481 624 2533; x_wconf 85' lang='lat' dir='ltr'>M:</span> <span class='ocrx_word' id='word_1_204' title='bbox 647 2480 705 2532; x_wconf 81' lang='lat' dir='ltr'>ceri</span> <span class='ocrx_word' id='word_1_205' title='bbox 723 2479 808 2533; x_wconf 61' lang='lat' dir='ltr'>deco</span> <span class='ocrx_word' id='word_1_206' title='bbox 842 2480 846 2545; x_wconf 85' lang='grc' dir='ltr'>Ι</span> <span class='ocrx_word' id='word_1_207' title='bbox 881 2477 1004 2532; x_wconf 81' lang='grc' dir='ltr'>ῖέςτίας</span> <span class='ocrx_word' id='word_1_208' title='bbox 1023 2479 1063 2532; x_wconf 77' lang='lat' dir='ltr'>M:</span> <span class='ocrx_word' id='word_1_209' title='bbox 1084 2479 1202 2533; x_wconf 83' lang='lat' dir='ltr'><em>domoO</em></span> <span class='ocrx_word' id='word_1_210' title='bbox 1245 2482 1250 2545; x_wconf 95' lang='grc' dir='ltr'>Ι</span> <span class='ocrx_word' id='word_1_211' title='bbox 1293 2480 1397 2545; x_wconf 89' lang='grc' dir='ltr'>8πρός</span> 
     </span>
     <span class='ocr_line' id='line_1_23' title="bbox 247 2550 1397 2620; baseline 0.002 -19"><span class='ocrx_word' id='word_1_212' title='bbox 247 2552 333 2603; x_wconf 83' lang='grc' dir='ltr'>καλοῖ)</span> <span class='ocrx_word' id='word_1_213' title='bbox 353 2550 422 2604; x_wconf 78' lang='grc' dir='ltr'>κτὲ.;</span> <span class='ocrx_word' id='word_1_214' title='bbox 448 2551 473 2604; x_wconf 76' lang='grc' dir='ltr'>(ά</span> <span class='ocrx_word' id='word_1_215' title='bbox 497 2552 546 2618; x_wconf 76' lang='grc' dir='ltr'>ραι·</span> <span class='ocrx_word' id='word_1_216' title='bbox 568 2566 595 2603; x_wconf 79' lang='lat' dir='ltr'>sc</span> <span class='ocrx_word' id='word_1_217' title='bbox 613 2551 720 2618; x_wconf 72' lang='lat' dir='ltr'>quidem</span> <span class='ocrx_word' id='word_1_218' title='bbox 734 2554 839 2618; x_wconf 76' lang='grc' dir='ltr'>ραόαηῖ</span> <span class='ocrx_word' id='word_1_219' title='bbox 857 2551 995 2619; x_wconf 74' lang='lat' dir='ltr'>effuqisse,</span> <span class='ocrx_word' id='word_1_220' title='bbox 1022 2551 1069 2604; x_wconf 79' lang='lat' dir='ltr'>sed</span> <span class='ocrx_word' id='word_1_221' title='bbox 1092 2551 1232 2616; x_wconf 76' lang='lat' dir='ltr'>faliuntwr</span> <span class='ocrx_word' id='word_1_222' title='bbox 1254 2566 1309 2618; x_wconf 79' lang='lat' dir='ltr'><strong><em>spe,</em></strong></span> <span class='ocrx_word' id='word_1_223' title='bbox 1332 2565 1397 2620; x_wconf 73' lang='lat' dir='ltr'>mq3</span> 
     </span>
    </p>
   </div>
   <div class='ocr_carea' id='block_1_6' title="bbox 135 2639 1397 2809">
    <p class='ocr_par' dir='ltr' id='par_1_13' title="bbox 135 2639 1397 2809">
     <span class='ocr_line' id='line_1_24' title="bbox 248 2639 1397 2725; baseline 0.001 -16"><span class='ocrx_word' id='word_1_224' title='bbox 248 2657 337 2710; x_wconf 76' lang='lat' dir='ltr'>lenius</span> <span class='ocrx_word' id='word_1_225' title='bbox 366 2657 466 2710; x_wconf 77' lang='grc' dir='ltr'>λαόαιιό</span> <span class='ocrx_word' id='word_1_226' title='bbox 491 2673 572 2725; x_wconf 74' lang='lat' dir='ltr'><strong><em>quam</em></strong></span> <span class='ocrx_word' id='word_1_227' title='bbox 598 2662 679 2710; x_wconf 76' lang='lat' dir='ltr'><em>antea</em></span> <span class='ocrx_word' id='word_1_228' title='bbox 705 2658 727 2710; x_wconf 93' lang='lat' dir='ltr'>O</span> <span class='ocrx_word' id='word_1_229' title='bbox 773 2658 777 2724; x_wconf 93' lang='grc' dir='ltr'>Ι</span> <span class='ocrx_word' id='word_1_230' title='bbox 827 2662 843 2710; x_wconf 84' lang='grc'><strong>9</strong></span> <span class='ocrx_word' id='word_1_231' title='bbox 869 2659 935 2710; x_wconf 92' lang='grc' dir='ltr'>τοὺς</span> <span class='ocrx_word' id='word_1_232' title='bbox 963 2659 1008 2711; x_wconf 91' lang='grc' dir='ltr'>διά</span> <span class='ocrx_word' id='word_1_233' title='bbox 1032 2656 1148 2711; x_wconf 88' lang='grc' dir='ltr'>πίςτεως</span> <span class='ocrx_word' id='word_1_234' title='bbox 1172 2661 1224 2723; x_wconf 86' lang='grc' dir='ltr'>τῆς</span> <span class='ocrx_word' id='word_1_235' title='bbox 1248 2658 1278 2710; x_wconf 91' lang='grc' dir='ltr'>ἐν</span> <span class='ocrx_word' id='word_1_236' title='bbox 1303 2639 1345 2723; x_wconf 64' lang='lat' dir='ltr'>xc]</span> <span class='ocrx_word' id='word_1_237' title='bbox 1369 2673 1397 2710; x_wconf 91' lang='grc' dir='ltr'>ςε</span> 
     </span>
     <span class='ocr_line' id='line_1_25' title="bbox 135 2727 1394 2809; baseline 0.002 -30"><span class='ocrx_word' id='word_1_238' title='bbox 135 2729 137 2734; x_wconf 87' lang='grc'><strong>’</strong></span> <span class='ocrx_word' id='word_1_239' title='bbox 247 2728 313 2796; x_wconf 78' lang='lat' dir='ltr'>post</span> <span class='ocrx_word' id='word_1_240' title='bbox 332 2727 423 2809; x_wconf 68' lang='grc' dir='ltr'>ςφίςιν</span> <span class='ocrx_word' id='word_1_241' title='bbox 447 2727 503 2796; x_wconf 81' lang='lat' dir='ltr'>ins,</span> <span class='ocrx_word' id='word_1_242' title='bbox 531 2731 631 2798; x_wconf 82' lang='lat' dir='ltr'>postea</span> <span class='ocrx_word' id='word_1_243' title='bbox 649 2727 695 2782; x_wconf 85' lang='lat' dir='ltr'>dcl</span> <span class='ocrx_word' id='word_1_244' title='bbox 715 2729 743 2782; x_wconf 90' lang='grc' dir='ltr'><em>Μ</em></span> <span class='ocrx_word' id='word_1_245' title='bbox 786 2730 790 2795; x_wconf 92' lang='grc' dir='ltr'>Ι</span> <span class='ocrx_word' id='word_1_246' title='bbox 838 2729 994 2796; x_wconf 88' lang='grc' dir='ltr'>ἀποδράναι</span> <span class='ocrx_word' id='word_1_247' title='bbox 1012 2730 1041 2782; x_wconf 94' lang='grc' dir='ltr'><strong>Μ</strong></span> <span class='ocrx_word' id='word_1_248' title='bbox 1089 2732 1093 2797; x_wconf 83' lang='grc' dir='ltr'>Ι</span> <span class='ocrx_word' id='word_1_249' title='bbox 1139 2730 1173 2782; x_wconf 87' lang='grc' dir='ltr'>τὸ</span> <span class='ocrx_word' id='word_1_250' title='bbox 1197 2730 1239 2782; x_wconf 87' lang='grc' dir='ltr'>Μ;</span> <span class='ocrx_word' id='word_1_251' title='bbox 1268 2727 1394 2798; x_wconf 71' lang='grc' dir='ltr'>ἀελετίί</span> 
     </span>
    </p>
   </div>
   <div class='ocr_carea' id='block_1_7' title="bbox 135 2817 1397 3120">
    <p class='ocr_par' dir='ltr' id='par_1_14' title="bbox 135 2817 1397 3120">
     <span class='ocr_line' id='line_1_26' title="bbox 250 2817 1393 2906; baseline 0.001 -19"><span class='ocrx_word' id='word_1_252' title='bbox 250 2841 283 2888; x_wconf 87' lang='grc'>10</span> <span class='ocrx_word' id='word_1_253' title='bbox 302 2817 407 2888; x_wconf 79' lang='grc' dir='ltr'>ἰουλιαν</span> <span class='ocrx_word' id='word_1_254' title='bbox 427 2837 455 2889; x_wconf 93' lang='grc' dir='ltr'><strong>Μ</strong></span> <span class='ocrx_word' id='word_1_255' title='bbox 474 2852 523 2903; x_wconf 83' lang='lat' dir='ltr'>mg</span> <span class='ocrx_word' id='word_1_256' title='bbox 541 2834 714 2889; x_wconf 77' lang='grc' dir='ltr'>ΙαῑίαιιαεΟ</span> <span class='ocrx_word' id='word_1_257' title='bbox 748 2836 753 2905; x_wconf 76' lang='grc' dir='ltr'>Ι</span> <span class='ocrx_word' id='word_1_258' title='bbox 787 2841 818 2888; x_wconf 91' lang='grc'>11</span> <span class='ocrx_word' id='word_1_259' title='bbox 841 2838 999 2903; x_wconf 82' lang='grc' dir='ltr'>Ἰςροηλῖται</span> <span class='ocrx_word' id='word_1_260' title='bbox 1018 2834 1130 2903; x_wconf 80' lang='lat' dir='ltr'>scripsi:</span> <span class='ocrx_word' id='word_1_261' title='bbox 1150 2834 1315 2902; x_wconf 88' lang='grc' dir='ltr'>Ἰςραηλίτας</span> <span class='ocrx_word' id='word_1_262' title='bbox 1333 2836 1362 2888; x_wconf 94' lang='grc' dir='ltr'><strong>Μ</strong></span> <span class='ocrx_word' id='word_1_263' title='bbox 1390 2835 1393 2906; x_wconf 72' lang='grc' dir='ltr'>ί</span> 
     </span>
     <span class='ocr_line' id='line_1_27' title="bbox 135 2905 1397 2976; baseline 0.001 -18"><span class='ocrx_word' id='word_1_264' title='bbox 135 2917 140 2934; x_wconf 81' lang='grc'><em>·</em></span> <span class='ocrx_word' id='word_1_265' title='bbox 248 2907 343 2959; x_wconf 84' lang='grc' dir='ltr'>αὐτῶν</span> <span class='ocrx_word' id='word_1_266' title='bbox 363 2907 404 2960; x_wconf 82' lang='lat' dir='ltr'>M:</span> <span class='ocrx_word' id='word_1_267' title='bbox 423 2907 528 2960; x_wconf 77' lang='grc' dir='ltr'>ευουΟ</span> <span class='ocrx_word' id='word_1_268' title='bbox 562 2907 566 2974; x_wconf 95' lang='grc' dir='ltr'>Ι</span> <span class='ocrx_word' id='word_1_269' title='bbox 609 2911 641 2959; x_wconf 78' lang='lat'>12</span> <span class='ocrx_word' id='word_1_270' title='bbox 661 2907 712 2960; x_wconf 85' lang='grc' dir='ltr'>ἀπ’</span> <span class='ocrx_word' id='word_1_271' title='bbox 731 2906 837 2960; x_wconf 88' lang='grc' dir='ltr'>ἐκείνου</span> <span class='ocrx_word' id='word_1_272' title='bbox 858 2905 956 2975; x_wconf 84' lang='lat' dir='ltr'>scripsi</span> <span class='ocrx_word' id='word_1_273' title='bbox 971 2912 1035 2975; x_wconf 81' lang='lat' dir='ltr'>post</span> <span class='ocrx_word' id='word_1_274' title='bbox 1053 2907 1132 2960; x_wconf 77' lang='lat' dir='ltr'><em>illum</em></span> <span class='ocrx_word' id='word_1_275' title='bbox 1150 2907 1186 2960; x_wconf 88' lang='lat'>0:</span> <span class='ocrx_word' id='word_1_276' title='bbox 1212 2906 1263 2976; x_wconf 76' lang='grc' dir='ltr'>ἀπ’</span> <span class='ocrx_word' id='word_1_277' title='bbox 1281 2906 1397 2960; x_wconf 89' lang='grc' dir='ltr'>ἐκείνων</span> 
     </span>
     <span class='ocr_line' id='line_1_28' title="bbox 248 2975 1396 3048; baseline 0.001 -17"><span class='ocrx_word' id='word_1_278' title='bbox 248 2979 276 3031; x_wconf 94' lang='grc' dir='ltr'><strong>Μ</strong></span> <span class='ocrx_word' id='word_1_279' title='bbox 310 2980 314 3043; x_wconf 92' lang='grc' dir='ltr'>Ι</span> <span class='ocrx_word' id='word_1_280' title='bbox 350 2983 383 3030; x_wconf 88' lang='grc'>14</span> <span class='ocrx_word' id='word_1_281' title='bbox 402 2979 584 3045; x_wconf 83' lang='grc' dir='ltr'>όμολογοδςιν</span> <span class='ocrx_word' id='word_1_282' title='bbox 603 2979 697 3032; x_wconf 88' lang='grc' dir='ltr'>αὐτοῖς</span> <span class='ocrx_word' id='word_1_283' title='bbox 716 2978 815 3047; x_wconf 82' lang='lat' dir='ltr'>scripsi</span> <span class='ocrx_word' id='word_1_284' title='bbox 832 2982 948 3047; x_wconf 78' lang='lat' dir='ltr'>propter</span> <span class='ocrx_word' id='word_1_285' title='bbox 965 2975 1075 3032; x_wconf 79' lang='lat' dir='ltr'>hiatum</span> <span class='ocrx_word' id='word_1_286' title='bbox 1099 2978 1133 3031; x_wconf 88' lang='lat' dir='ltr'>cf.</span> <span class='ocrx_word' id='word_1_287' title='bbox 1153 2978 1262 3048; x_wconf 83' lang='lat' dir='ltr'><strong>proleg.</strong></span> <span class='ocrx_word' id='word_1_288' title='bbox 1286 2995 1313 3047; x_wconf 89' lang='lat' dir='ltr'>p.</span> <span class='ocrx_word' id='word_1_289' title='bbox 1329 2978 1396 3032; x_wconf 77' lang='lat'>‘1602</span> 
     </span>
     <span class='ocr_line' id='line_1_29' title="bbox 247 3050 960 3120; baseline 0 -18"><span class='ocrx_word' id='word_1_290' title='bbox 247 3050 342 3103; x_wconf 84' lang='grc' dir='ltr'>αὐτοῖς</span> <span class='ocrx_word' id='word_1_291' title='bbox 361 3052 543 3116; x_wconf 83' lang='grc' dir='ltr'>όμολογοδςιν</span> <span class='ocrx_word' id='word_1_292' title='bbox 562 3051 590 3103; x_wconf 96' lang='grc' dir='ltr'><strong>Μ</strong></span> <span class='ocrx_word' id='word_1_293' title='bbox 624 3051 629 3118; x_wconf 78' lang='lat'>1</span> <span class='ocrx_word' id='word_1_294' title='bbox 664 3055 696 3103; x_wconf 81' lang='grc'>16</span> <span class='ocrx_word' id='word_1_295' title='bbox 716 3051 768 3117; x_wconf 81' lang='grc' dir='ltr'>οὐχ</span> <span class='ocrx_word' id='word_1_296' title='bbox 787 3051 828 3103; x_wconf 77' lang='grc' dir='ltr'>Μτ</span> <span class='ocrx_word' id='word_1_297' title='bbox 846 3065 910 3120; x_wconf 65' lang='grc' dir='ltr'>περς</span> <span class='ocrx_word' id='word_1_298' title='bbox 929 3050 960 3103; x_wconf 95' lang='grc'>0.</span> 
     </span>
    </p>
   </div>
   <div class='ocr_carea' id='block_1_8' title="bbox 176 3228 1396 4509">
    <p class='ocr_par' dir='ltr' id='par_1_15' title="bbox 176 3228 1396 3512">
     <span class='ocr_line' id='line_1_30' title="bbox 318 3228 1396 3296; baseline 0 -14"><span class='ocrx_word' id='word_1_299' title='bbox 318 3234 334 3282; x_wconf 85' lang='grc'><strong>6</strong></span> <span class='ocrx_word' id='word_1_300' title='bbox 353 3230 589 3296; x_wconf 90' lang='grc' dir='ltr'>προςεοικέναι</span> <span class='ocrx_word' id='word_1_301' title='bbox 613 3230 713 3296; x_wconf 84' lang='grc' dir='ltr'>φηςίν</span> <span class='ocrx_word' id='word_1_302' title='bbox 737 3228 968 3294; x_wconf 86' lang='grc' dir='ltr'>ἀνδραπόδοις</span> <span class='ocrx_word' id='word_1_303' title='bbox 991 3229 1067 3280; x_wconf 82' lang='grc' dir='ltr'>κτέ.;</span> <span class='ocrx_word' id='word_1_304' title='bbox 1095 3229 1199 3281; x_wconf 77' lang='grc' dir='ltr'>οὐκοῦν</span> <span class='ocrx_word' id='word_1_305' title='bbox 1218 3228 1244 3282; x_wconf 88' lang='grc' dir='ltr'>οἱ</span> <span class='ocrx_word' id='word_1_306' title='bbox 1262 3235 1322 3282; x_wconf 91' lang='grc' dir='ltr'>τοῖς</span> <span class='ocrx_word' id='word_1_307' title='bbox 1340 3231 1396 3282; x_wconf 89' lang='grc' dir='ltr'>δαι-</span> 
     </span>
     <span class='ocr_line' id='line_1_31' title="bbox 247 3298 1395 3367; baseline -0.002 -13"><span class='ocrx_word' id='word_1_308' title='bbox 247 3300 352 3366; x_wconf 87' lang='grc' dir='ltr'>μονίοις</span> <span class='ocrx_word' id='word_1_309' title='bbox 376 3301 586 3367; x_wconf 86' lang='grc' dir='ltr'>λατρεάςαντες,</span> <span class='ocrx_word' id='word_1_310' title='bbox 613 3300 688 3367; x_wconf 81' lang='grc' dir='ltr'>εἴπερ</span> <span class='ocrx_word' id='word_1_311' title='bbox 713 3301 822 3353; x_wconf 84' lang='grc' dir='ltr'>ἕλοιντο</span> <span class='ocrx_word' id='word_1_312' title='bbox 848 3305 1003 3367; x_wconf 82' lang='grc' dir='ltr'>μετανοεῖν,</span> <span class='ocrx_word' id='word_1_313' title='bbox 1029 3301 1138 3352; x_wconf 82' lang='grc' dir='ltr'>νοοῖντ’</span> <span class='ocrx_word' id='word_1_314' title='bbox 1163 3301 1198 3353; x_wconf 84' lang='grc' dir='ltr'>ἂν</span> <span class='ocrx_word' id='word_1_315' title='bbox 1223 3298 1337 3353; x_wconf 84' lang='grc' dir='ltr'>εἰκότως</span> <span class='ocrx_word' id='word_1_316' title='bbox 1362 3301 1395 3352; x_wconf 81' lang='grc' dir='ltr'>οὐ</span> 
     </span>
     <span class='ocr_line' id='line_1_32' title="bbox 247 3370 1394 3439; baseline -0.002 -13"><span class='ocrx_word' id='word_1_317' title='bbox 247 3375 388 3426; x_wconf 87' lang='grc' dir='ltr'>δεςποτῶυ</span> <span class='ocrx_word' id='word_1_318' title='bbox 407 3371 485 3425; x_wconf 85' lang='grc' dir='ltr'>ἰδίων</span> <span class='ocrx_word' id='word_1_319' title='bbox 500 3372 739 3439; x_wconf 88' lang='grc' dir='ltr'>ἀποφοιτὴςαντες</span> <span class='ocrx_word' id='word_1_320' title='bbox 758 3370 871 3424; x_wconf 74' lang='lat' dir='ltr'>250A5</span> <span class='ocrx_word' id='word_1_321' title='bbox 901 3377 905 3437; x_wconf 88' lang='grc' dir='ltr'>Ι</span> <span class='ocrx_word' id='word_1_322' title='bbox 941 3375 973 3423; x_wconf 91' lang='grc'>11</span> <span class='ocrx_word' id='word_1_323' title='bbox 994 3371 1081 3424; x_wconf 81' lang='grc' dir='ltr'>εῖναι</span> <span class='ocrx_word' id='word_1_324' title='bbox 1101 3372 1134 3423; x_wconf 88' lang='grc' dir='ltr'>δέ</span> <span class='ocrx_word' id='word_1_325' title='bbox 1154 3371 1298 3439; x_wconf 83' lang='grc' dir='ltr'>ἀκριβῶς</span> <span class='ocrx_word' id='word_1_326' title='bbox 1317 3373 1394 3424; x_wconf 84' lang='grc' dir='ltr'>κτὲ.;</span> 
     </span>
     <span class='ocr_line' id='line_1_33' title="bbox 176 3439 1395 3512; baseline -0.002 -15"><span class='ocrx_word' id='word_1_327' title='bbox 176 3439 179 3444; x_wconf 70' lang='grc'>’</span> <span class='ocrx_word' id='word_1_328' title='bbox 247 3445 405 3510; x_wconf 84' lang='grc' dir='ltr'>Ἰςραηλῖται</span> <span class='ocrx_word' id='word_1_329' title='bbox 424 3444 495 3496; x_wconf 88' lang='grc' dir='ltr'>κατά</span> <span class='ocrx_word' id='word_1_330' title='bbox 509 3444 640 3510; x_wconf 84' lang='grc' dir='ltr'>ἀλήθειαν</span> <span class='ocrx_word' id='word_1_331' title='bbox 658 3445 736 3510; x_wconf 89' lang='grc' dir='ltr'>ἡμεῖς</span> <span class='ocrx_word' id='word_1_332' title='bbox 750 3443 776 3495; x_wconf 86' lang='grc' dir='ltr'>οἱ</span> <span class='ocrx_word' id='word_1_333' title='bbox 790 3443 835 3495; x_wconf 87' lang='grc' dir='ltr'>διὰ</span> <span class='ocrx_word' id='word_1_334' title='bbox 848 3440 965 3495; x_wconf 89' lang='grc' dir='ltr'>πίςτεως</span> <span class='ocrx_word' id='word_1_335' title='bbox 982 3445 1033 3508; x_wconf 81' lang='grc' dir='ltr'>τῆς</span> <span class='ocrx_word' id='word_1_336' title='bbox 1052 3443 1082 3495; x_wconf 93' lang='grc' dir='ltr'>ἐν</span> <span class='ocrx_word' id='word_1_337' title='bbox 1096 3442 1201 3512; x_wconf 82' lang='grc' dir='ltr'>Χριςτῶ</span> <span class='ocrx_word' id='word_1_338' title='bbox 1221 3443 1395 3508; x_wconf 91' lang='grc' dir='ltr'>δεδικαιωμέ-</span> 
     </span>
    </p>

    <p class='ocr_par' dir='ltr' id='par_1_16' title="bbox 225 3512 1395 4509">
     <span class='ocr_line' id='line_1_34' title="bbox 246 3512 1395 3585; baseline -0.002 -17"><span class='ocrx_word' id='word_1_339' title='bbox 246 3532 289 3568; x_wconf 91' lang='grc' dir='ltr'>νοι</span> <span class='ocrx_word' id='word_1_340' title='bbox 308 3521 360 3569; x_wconf 76' lang='lat'>254</span> <span class='ocrx_word' id='word_1_341' title='bbox 376 3517 396 3567; x_wconf 85' lang='grc' dir='ltr'>Α</span> <span class='ocrx_word' id='word_1_342' title='bbox 414 3520 430 3568; x_wconf 81' lang='lat'>2</span> <span class='ocrx_word' id='word_1_343' title='bbox 469 3515 473 3585; x_wconf 73' lang='grc' dir='ltr'>ί</span> <span class='ocrx_word' id='word_1_344' title='bbox 514 3515 614 3583; x_wconf 89' lang='grc' dir='ltr'>πρέποι</span> <span class='ocrx_word' id='word_1_345' title='bbox 633 3516 668 3568; x_wconf 86' lang='grc' dir='ltr'>ἂν</span> <span class='ocrx_word' id='word_1_346' title='bbox 691 3517 736 3568; x_wconf 82' lang='grc' dir='ltr'>καί</span> <span class='ocrx_word' id='word_1_347' title='bbox 755 3514 952 3581; x_wconf 88' lang='grc' dir='ltr'>ἀναμφιβόλως</span> <span class='ocrx_word' id='word_1_348' title='bbox 971 3512 1134 3580; x_wconf 85' lang='grc' dir='ltr'>Ἰςραηλίτας</span> <span class='ocrx_word' id='word_1_349' title='bbox 1152 3516 1224 3579; x_wconf 82' lang='grc' dir='ltr'>ἡμᾶς</span> <span class='ocrx_word' id='word_1_350' title='bbox 1242 3514 1313 3566; x_wconf 91' lang='grc' dir='ltr'>κατά</span> <span class='ocrx_word' id='word_1_351' title='bbox 1332 3514 1395 3580; x_wconf 90' lang='grc' dir='ltr'>ἀλή-</span> 
     </span>
     <span class='ocr_line' id='line_1_35' title="bbox 247 3583 1395 3652; baseline -0.002 -14"><span class='ocrx_word' id='word_1_352' title='bbox 247 3590 323 3639; x_wconf 89' lang='grc' dir='ltr'>θειαν</span> <span class='ocrx_word' id='word_1_353' title='bbox 342 3586 412 3640; x_wconf 74' lang='grc' dir='ltr'>εἶναί</span> <span class='ocrx_word' id='word_1_354' title='bbox 430 3603 461 3639; x_wconf 91' lang='grc' dir='ltr'>τε</span> <span class='ocrx_word' id='word_1_355' title='bbox 480 3589 525 3640; x_wconf 86' lang='grc' dir='ltr'>καί</span> <span class='ocrx_word' id='word_1_356' title='bbox 544 3587 723 3652; x_wconf 85' lang='grc' dir='ltr'>ἀνομάζεςθαι</span> <span class='ocrx_word' id='word_1_357' title='bbox 742 3590 794 3638; x_wconf 78' lang='lat'>254</span> <span class='ocrx_word' id='word_1_358' title='bbox 809 3583 831 3636; x_wconf 92' lang='grc' dir='ltr'><strong>Β</strong></span> <span class='ocrx_word' id='word_1_359' title='bbox 846 3591 862 3638; x_wconf 83' lang='lat'><strong>3</strong></span> <span class='ocrx_word' id='word_1_360' title='bbox 901 3586 905 3652; x_wconf 88' lang='grc' dir='ltr'>Ι</span> <span class='ocrx_word' id='word_1_361' title='bbox 943 3586 1010 3638; x_wconf 87' lang='grc' dir='ltr'>οὔτε</span> <span class='ocrx_word' id='word_1_362' title='bbox 1027 3590 1086 3638; x_wconf 89' lang='grc' dir='ltr'>τοῖς</span> <span class='ocrx_word' id='word_1_363' title='bbox 1105 3584 1246 3638; x_wconf 86' lang='grc' dir='ltr'>Μωυςέως</span> <span class='ocrx_word' id='word_1_364' title='bbox 1264 3585 1395 3649; x_wconf 90' lang='grc' dir='ltr'>δόγμαςιν</span> 
     </span>
     <span class='ocr_line' id='line_1_36' title="bbox 247 3655 1395 3725; baseline -0.001 -17"><span class='ocrx_word' id='word_1_365' title='bbox 247 3659 313 3709; x_wconf 84' lang='grc' dir='ltr'>οὔτε</span> <span class='ocrx_word' id='word_1_366' title='bbox 330 3663 390 3710; x_wconf 92' lang='grc' dir='ltr'>τοῖς</span> <span class='ocrx_word' id='word_1_367' title='bbox 407 3663 466 3710; x_wconf 90' lang='grc' dir='ltr'>τῶν</span> <span class='ocrx_word' id='word_1_368' title='bbox 484 3658 572 3722; x_wconf 86' lang='grc' dir='ltr'>ἁγίων</span> <span class='ocrx_word' id='word_1_369' title='bbox 591 3662 748 3725; x_wconf 86' lang='grc' dir='ltr'>προφητῶν</span> <span class='ocrx_word' id='word_1_370' title='bbox 767 3657 1021 3723; x_wconf 86' lang='grc' dir='ltr'>ἀντενηνεγμένους</span> <span class='ocrx_word' id='word_1_371' title='bbox 1042 3656 1157 3708; x_wconf 90' lang='grc' dir='ltr'>πώποτε</span> <span class='ocrx_word' id='word_1_372' title='bbox 1176 3655 1283 3709; x_wconf 92' lang='grc' dir='ltr'>κατίδοι</span> <span class='ocrx_word' id='word_1_373' title='bbox 1301 3672 1343 3709; x_wconf 88' lang='grc' dir='ltr'>τις</span> <span class='ocrx_word' id='word_1_374' title='bbox 1361 3657 1395 3709; x_wconf 87' lang='grc' dir='ltr'>ἂν</span> 
     </span>
     <span class='ocr_line' id='line_1_37' title="bbox 246 3726 1395 3795; baseline -0.002 -15"><span class='ocrx_word' id='word_1_375' title='bbox 246 3729 318 3793; x_wconf 79' lang='grc' dir='ltr'>ἡμᾶς</span> <span class='ocrx_word' id='word_1_376' title='bbox 335 3726 454 3782; x_wconf 77' lang='grc'>25407</span> <span class='ocrx_word' id='word_1_377' title='bbox 489 3731 493 3795; x_wconf 89' lang='grc' dir='ltr'>Ι</span> <span class='ocrx_word' id='word_1_378' title='bbox 533 3727 1395 3794; x_wconf 81' lang='grc' dir='ltr'>16ότοίνυνΜωυςῆςκτὲ.;ἕναδέότιτόνφάςςικαλ</span> 
     </span>
     <span class='ocr_line' id='line_1_38' title="bbox 247 3798 1394 3866; baseline 0 -16"><span class='ocrx_word' id='word_1_379' title='bbox 247 3798 358 3865; x_wconf 90' lang='grc' dir='ltr'>ἀληθῶς</span> <span class='ocrx_word' id='word_1_380' title='bbox 376 3799 445 3851; x_wconf 91' lang='grc' dir='ltr'>όντα</span> <span class='ocrx_word' id='word_1_381' title='bbox 464 3800 529 3853; x_wconf 88' lang='grc' dir='ltr'>θεὸν</span> <span class='ocrx_word' id='word_1_382' title='bbox 549 3830 581 3837; x_wconf 86' lang='grc'><strong>-</strong></span> <span class='ocrx_word' id='word_1_383' title='bbox 602 3800 793 3866; x_wconf 87' lang='grc' dir='ltr'>διωμολόγηκε</span> <span class='ocrx_word' id='word_1_384' title='bbox 816 3801 866 3863; x_wconf 88' lang='grc' dir='ltr'>μὲν</span> <span class='ocrx_word' id='word_1_385' title='bbox 889 3801 904 3852; x_wconf 88' lang='grc' dir='ltr'>δ</span> <span class='ocrx_word' id='word_1_386' title='bbox 929 3800 1049 3864; x_wconf 83' lang='grc' dir='ltr'>Μωυςῆς</span> <span class='ocrx_word' id='word_1_387' title='bbox 1071 3799 1187 3865; x_wconf 82' lang='grc' dir='ltr'>(Μωςῆς</span> <span class='ocrx_word' id='word_1_388' title='bbox 1205 3799 1281 3865; x_wconf 88' lang='grc' dir='ltr'>ΜΑ),</span> <span class='ocrx_word' id='word_1_389' title='bbox 1305 3813 1394 3866; x_wconf 90' lang='grc' dir='ltr'>πεφα-</span> 
     </span>
     <span class='ocr_line' id='line_1_39' title="bbox 246 3867 1395 3939; baseline 0 -17"><span class='ocrx_word' id='word_1_390' title='bbox 246 3869 351 3935; x_wconf 91' lang='grc' dir='ltr'>νέρωκε</span> <span class='ocrx_word' id='word_1_391' title='bbox 370 3870 400 3921; x_wconf 85' lang='grc' dir='ltr'>δὲ</span> <span class='ocrx_word' id='word_1_392' title='bbox 419 3872 463 3922; x_wconf 88' lang='grc' dir='ltr'>καῖ</span> <span class='ocrx_word' id='word_1_393' title='bbox 478 3871 551 3936; x_wconf 88' lang='grc' dir='ltr'>ἡμῖν,</span> <span class='ocrx_word' id='word_1_394' title='bbox 570 3871 772 3939; x_wconf 88' lang='grc' dir='ltr'>καταρνήςαιτο</span> <span class='ocrx_word' id='word_1_395' title='bbox 792 3872 828 3924; x_wconf 87' lang='grc' dir='ltr'>ἀν</span> <span class='ocrx_word' id='word_1_396' title='bbox 847 3869 937 3924; x_wconf 82' lang='grc' dir='ltr'>οὐδείς</span> <span class='ocrx_word' id='word_1_397' title='bbox 954 3876 1007 3924; x_wconf 79' lang='lat'>254</span> <span class='ocrx_word' id='word_1_398' title='bbox 1022 3867 1046 3921; x_wconf 92' lang='lat' dir='ltr'>D</span> <span class='ocrx_word' id='word_1_399' title='bbox 1062 3875 1077 3922; x_wconf 75' lang='lat'>2</span> <span class='ocrx_word' id='word_1_400' title='bbox 1112 3868 1116 3938; x_wconf 94' lang='grc' dir='ltr'>Ι</span> <span class='ocrx_word' id='word_1_401' title='bbox 1151 3870 1281 3935; x_wconf 83' lang='grc' dir='ltr'>ἑπόμενοι</span> <span class='ocrx_word' id='word_1_402' title='bbox 1297 3868 1395 3922; x_wconf 89' lang='grc' dir='ltr'>τοίνυν</span> 
     </span>
     <span class='ocr_line' id='line_1_40' title="bbox 247 3940 1394 4011; baseline 0 -19"><span class='ocrx_word' id='word_1_403' title='bbox 247 3940 368 3992; x_wconf 84' lang='grc' dir='ltr'>καὶτοῖς</span> <span class='ocrx_word' id='word_1_404' title='bbox 387 3940 431 3992; x_wconf 91' lang='grc' dir='ltr'>διά</span> <span class='ocrx_word' id='word_1_405' title='bbox 457 3941 597 3995; x_wconf 89' lang='grc' dir='ltr'>Μωυςέως</span> <span class='ocrx_word' id='word_1_406' title='bbox 622 3942 757 4010; x_wconf 91' lang='grc' dir='ltr'>(Μωςέως</span> <span class='ocrx_word' id='word_1_407' title='bbox 776 3943 839 4011; x_wconf 94' lang='grc' dir='ltr'>ΜΑ)</span> <span class='ocrx_word' id='word_1_408' title='bbox 864 3943 895 3994; x_wconf 87' lang='grc' dir='ltr'>εά</span> <span class='ocrx_word' id='word_1_409' title='bbox 921 3943 993 4007; x_wconf 90' lang='grc' dir='ltr'>μάλα</span> <span class='ocrx_word' id='word_1_410' title='bbox 1017 3941 1233 4006; x_wconf 91' lang='grc' dir='ltr'>τεθεςπιςμένοις</span> <span class='ocrx_word' id='word_1_411' title='bbox 1258 3943 1302 3993; x_wconf 85' lang='grc' dir='ltr'>καί</span> <span class='ocrx_word' id='word_1_412' title='bbox 1328 3956 1394 4006; x_wconf 91' lang='grc' dir='ltr'>προ-</span> 
     </span>
     <span class='ocr_line' id='line_1_41' title="bbox 247 4012 1395 4081; baseline 0 -18"><span class='ocrx_word' id='word_1_413' title='bbox 247 4017 375 4078; x_wconf 91' lang='grc' dir='ltr'>φητικοῖς</span> <span class='ocrx_word' id='word_1_414' title='bbox 394 4013 574 4081; x_wconf 90' lang='grc' dir='ltr'>κηράγμαςιν,</span> <span class='ocrx_word' id='word_1_415' title='bbox 599 4015 648 4067; x_wconf 86' lang='grc' dir='ltr'>ἕνα</span> <span class='ocrx_word' id='word_1_416' title='bbox 673 4016 722 4079; x_wconf 86' lang='grc' dir='ltr'>μὲν</span> <span class='ocrx_word' id='word_1_417' title='bbox 744 4015 796 4068; x_wconf 88' lang='grc' dir='ltr'>τόν</span> <span class='ocrx_word' id='word_1_418' title='bbox 819 4014 897 4080; x_wconf 89' lang='grc' dir='ltr'>φάςει</span> <span class='ocrx_word' id='word_1_419' title='bbox 921 4015 966 4066; x_wconf 85' lang='grc' dir='ltr'>καί</span> <span class='ocrx_word' id='word_1_420' title='bbox 985 4013 1096 4079; x_wconf 86' lang='grc' dir='ltr'>ἀληθῶς</span> <span class='ocrx_word' id='word_1_421' title='bbox 1114 4012 1305 4077; x_wconf 74' lang='grc' dir='ltr'>ὁμολογοῦμεν</span> <span class='ocrx_word' id='word_1_422' title='bbox 1324 4013 1395 4064; x_wconf 82' lang='grc' dir='ltr'>εῖναι</span> 
     </span>
     <span class='ocr_line' id='line_1_42' title="bbox 246 4080 1393 4153; baseline 0.001 -18"><span class='ocrx_word' id='word_1_423' title='bbox 246 4084 311 4135; x_wconf 89' lang='grc' dir='ltr'>θεόν</span> <span class='ocrx_word' id='word_1_424' title='bbox 330 4080 450 4136; x_wconf 69' lang='grc'>254119</span> <span class='ocrx_word' id='word_1_425' title='bbox 485 4088 489 4148; x_wconf 95' lang='grc' dir='ltr'>Ι</span> <span class='ocrx_word' id='word_1_426' title='bbox 523 4085 703 4153; x_wconf 87' lang='grc' dir='ltr'>κατατέθηπα</span> <span class='ocrx_word' id='word_1_427' title='bbox 722 4088 765 4153; x_wconf 85' lang='grc' dir='ltr'>δὲ,</span> <span class='ocrx_word' id='word_1_428' title='bbox 785 4085 840 4152; x_wconf 90' lang='grc' dir='ltr'>ότι,</span> <span class='ocrx_word' id='word_1_429' title='bbox 864 4083 953 4137; x_wconf 89' lang='grc' dir='ltr'>καίτοι</span> <span class='ocrx_word' id='word_1_430' title='bbox 977 4084 1216 4151; x_wconf 83' lang='grc' dir='ltr'>διιεχυριζόμενος,</span> <span class='ocrx_word' id='word_1_431' title='bbox 1242 4084 1295 4148; x_wconf 87' lang='grc' dir='ltr'>οὐχ</span> <span class='ocrx_word' id='word_1_432' title='bbox 1313 4083 1393 4149; x_wconf 81' lang='grc' dir='ltr'>ἅπαξ,</span> 
     </span>
     <span class='ocr_line' id='line_1_43' title="bbox 225 4153 1394 4222; baseline 0 -16"><span class='ocrx_word' id='word_1_433' title='bbox 225 4153 315 4207; x_wconf 82' lang='grc' dir='ltr'>’ἀλλὰ</span> <span class='ocrx_word' id='word_1_434' title='bbox 337 4155 489 4208; x_wconf 87' lang='grc' dir='ltr'>πλειςτάκις</span> <span class='ocrx_word' id='word_1_435' title='bbox 512 4158 561 4210; x_wconf 88' lang='grc' dir='ltr'>ἕνα</span> <span class='ocrx_word' id='word_1_436' title='bbox 584 4158 649 4211; x_wconf 85' lang='grc' dir='ltr'>θεὸν</span> <span class='ocrx_word' id='word_1_437' title='bbox 677 4159 747 4210; x_wconf 87' lang='grc' dir='ltr'>εῖναι</span> <span class='ocrx_word' id='word_1_438' title='bbox 770 4158 815 4209; x_wconf 82' lang='grc' dir='ltr'>καὶ</span> <span class='ocrx_word' id='word_1_439' title='bbox 839 4158 893 4222; x_wconf 85' lang='grc' dir='ltr'>μην</span> <span class='ocrx_word' id='word_1_440' title='bbox 916 4157 961 4209; x_wconf 84' lang='grc' dir='ltr'>καί</span> <span class='ocrx_word' id='word_1_441' title='bbox 984 4157 1130 4220; x_wconf 86' lang='grc' dir='ltr'>ὁμολογεῖν</span> <span class='ocrx_word' id='word_1_442' title='bbox 1152 4155 1203 4208; x_wconf 90' lang='grc' dir='ltr'>τόν</span> <span class='ocrx_word' id='word_1_443' title='bbox 1225 4154 1394 4220; x_wconf 89' lang='grc' dir='ltr'>πανάριςτον</span> 
     </span>
     <span class='ocr_line' id='line_1_44' title="bbox 247 4223 1394 4296; baseline 0 -19"><span class='ocrx_word' id='word_1_444' title='bbox 247 4226 366 4278; x_wconf 86' lang='grc' dir='ltr'>Μωυςέα</span> <span class='ocrx_word' id='word_1_445' title='bbox 392 4227 504 4294; x_wconf 83' lang='grc' dir='ltr'>(Μωςέα</span> <span class='ocrx_word' id='word_1_446' title='bbox 523 4228 584 4295; x_wconf 87' lang='grc' dir='ltr'>ΜΑ)</span> <span class='ocrx_word' id='word_1_447' title='bbox 610 4231 655 4282; x_wconf 83' lang='grc' dir='ltr'>καὶ</span> <span class='ocrx_word' id='word_1_448' title='bbox 674 4230 772 4296; x_wconf 85' lang='grc' dir='ltr'>ἕτερον</span> <span class='ocrx_word' id='word_1_449' title='bbox 798 4228 846 4281; x_wconf 86' lang='grc' dir='ltr'>ἐπ’</span> <span class='ocrx_word' id='word_1_450' title='bbox 871 4228 948 4295; x_wconf 84' lang='grc' dir='ltr'>αὐτῷ</span> <span class='ocrx_word' id='word_1_451' title='bbox 973 4229 1116 4279; x_wconf 82' lang='grc' dir='ltr'>παντελῶς</span> <span class='ocrx_word' id='word_1_452' title='bbox 1141 4227 1255 4292; x_wconf 83' lang='grc' dir='ltr'>οὐδένα,</span> <span class='ocrx_word' id='word_1_453' title='bbox 1282 4223 1394 4290; x_wconf 92' lang='grc' dir='ltr'>κυρίους</span> 
     </span>
     <span class='ocr_line' id='line_1_45' title="bbox 247 4296 1393 4368; baseline 0.001 -19"><span class='ocrx_word' id='word_1_454' title='bbox 247 4297 333 4350; x_wconf 83' lang='grc' dir='ltr'>αὐτόν</span> <span class='ocrx_word' id='word_1_455' title='bbox 353 4297 487 4362; x_wconf 90' lang='grc' dir='ltr'>ἀγγέλους</span> <span class='ocrx_word' id='word_1_456' title='bbox 505 4299 589 4354; x_wconf 64' lang='grc' dir='ltr'>εἰπάν</span> <span class='ocrx_word' id='word_1_457' title='bbox 613 4304 657 4353; x_wconf 86' lang='grc' dir='ltr'>καῖ</span> <span class='ocrx_word' id='word_1_458' title='bbox 681 4303 736 4368; x_wconf 85' lang='grc' dir='ltr'>μην</span> <span class='ocrx_word' id='word_1_459' title='bbox 758 4300 803 4352; x_wconf 90' lang='grc' dir='ltr'>καί</span> <span class='ocrx_word' id='word_1_460' title='bbox 822 4299 902 4353; x_wconf 87' lang='grc' dir='ltr'>θεοὺς</span> <span class='ocrx_word' id='word_1_461' title='bbox 924 4297 1053 4351; x_wconf 87' lang='grc' dir='ltr'>πλείονας</span> <span class='ocrx_word' id='word_1_462' title='bbox 1076 4299 1127 4350; x_wconf 82' lang='grc' dir='ltr'>οὐκ</span> <span class='ocrx_word' id='word_1_463' title='bbox 1151 4298 1204 4350; x_wconf 77' lang='grc' dir='ltr'>οἷδ’</span> <span class='ocrx_word' id='word_1_464' title='bbox 1227 4298 1304 4350; x_wconf 89' lang='grc' dir='ltr'>ὅπως</span> <span class='ocrx_word' id='word_1_465' title='bbox 1327 4296 1393 4350; x_wconf 90' lang='grc' dir='ltr'>ἀπυ-</span> 
     </span>
     <span class='ocr_line' id='line_1_46' title="bbox 245 4369 1393 4438; baseline 0 -18"><span class='ocrx_word' id='word_1_466' title='bbox 245 4371 342 4436; x_wconf 75' lang='grc' dir='ltr'>τολμβ,</span> <span class='ocrx_word' id='word_1_467' title='bbox 362 4369 503 4436; x_wconf 83' lang='grc' dir='ltr'>ἐξαίρετον</span> <span class='ocrx_word' id='word_1_468' title='bbox 523 4373 552 4425; x_wconf 89' lang='grc' dir='ltr'>δέ</span> <span class='ocrx_word' id='word_1_469' title='bbox 571 4373 646 4438; x_wconf 84' lang='grc' dir='ltr'>παρὰ</span> <span class='ocrx_word' id='word_1_470' title='bbox 663 4374 731 4424; x_wconf 83' lang='grc' dir='ltr'>τοὺς</span> <span class='ocrx_word' id='word_1_471' title='bbox 749 4373 848 4425; x_wconf 83' lang='grc' dir='ltr'>ἄλλους</span> <span class='ocrx_word' id='word_1_472' title='bbox 864 4371 916 4423; x_wconf 90' lang='grc' dir='ltr'>τόν</span> <span class='ocrx_word' id='word_1_473' title='bbox 934 4374 1060 4436; x_wconf 89' lang='grc' dir='ltr'>πρῶτον·</span> <span class='ocrx_word' id='word_1_474' title='bbox 1080 4369 1143 4422; x_wconf 84' lang='grc' dir='ltr'>ἀλλ’</span> <span class='ocrx_word' id='word_1_475' title='bbox 1162 4369 1195 4421; x_wconf 84' lang='grc' dir='ltr'>οὐ</span> <span class='ocrx_word' id='word_1_476' title='bbox 1209 4369 1242 4421; x_wconf 86' lang='grc' dir='ltr'>τὸ</span> <span class='ocrx_word' id='word_1_477' title='bbox 1260 4369 1393 4435; x_wconf 87' lang='grc' dir='ltr'>προῦχειν</span> 
     </span>
     <span class='ocr_line' id='line_1_47' title="bbox 247 4439 1393 4509; baseline 0.001 -18"><span class='ocrx_word' id='word_1_478' title='bbox 247 4441 351 4507; x_wconf 86' lang='grc' dir='ltr'>ἐτέρων</span> <span class='ocrx_word' id='word_1_479' title='bbox 370 4441 517 4509; x_wconf 85' lang='grc' dir='ltr'>ἀποχρὴςει</span> <span class='ocrx_word' id='word_1_480' title='bbox 537 4444 623 4508; x_wconf 89' lang='grc' dir='ltr'>μόνον</span> <span class='ocrx_word' id='word_1_481' title='bbox 641 4442 680 4497; x_wconf 90' lang='grc' dir='ltr'>εἰς</span> <span class='ocrx_word' id='word_1_482' title='bbox 697 4444 731 4495; x_wconf 91' lang='grc' dir='ltr'>τό</span> <span class='ocrx_word' id='word_1_483' title='bbox 750 4443 857 4495; x_wconf 87' lang='grc' dir='ltr'>ἀνελεῖν</span> <span class='ocrx_word' id='word_1_484' title='bbox 876 4442 985 4494; x_wconf 82' lang='grc' dir='ltr'>αὐτούς.</span> <span class='ocrx_word' id='word_1_485' title='bbox 1024 4439 1047 4493; x_wconf 86' lang='grc' dir='ltr'>εἰ</span> <span class='ocrx_word' id='word_1_486' title='bbox 1070 4441 1101 4494; x_wconf 85' lang='grc' dir='ltr'>δὲ</span> <span class='ocrx_word' id='word_1_487' title='bbox 1125 4442 1159 4506; x_wconf 88' lang='grc' dir='ltr'>δή</span> <span class='ocrx_word' id='word_1_488' title='bbox 1184 4441 1268 4506; x_wconf 92' lang='grc' dir='ltr'>μόνος</span> <span class='ocrx_word' id='word_1_489' title='bbox 1287 4439 1329 4506; x_wconf 87' lang='grc' dir='ltr'>είη</span> <span class='ocrx_word' id='word_1_490' title='bbox 1349 4441 1393 4492; x_wconf 86' lang='grc' dir='ltr'>καί</span> 
     </span>
    </p>
   </div>
   <div class='ocr_carea' id='block_1_9' title="bbox 0 0 1596 4914">
    <p class='ocr_par' dir='ltr' id='par_1_17' title="bbox 0 0 1596 4914">
     <span class='ocr_line' id='line_1_48' title="bbox 0 0 1596 4914; baseline 0 0"><span class='ocrx_word' id='word_1_491' title='bbox 0 0 1596 4914; x_wconf 95' lang='lat' dir='ltr'> </span> 
     </span>
    </p>
   </div>
  </div>
 </body>
</html>
