3192 4906
265 261 329 331 126
364 345 365 350 Ἰ
767 260 858 340 Caput
875 263 909 320 II.

265 433 472 496 constituendo
497 428 548 515 (ἐν
571 430 632 509 γὰρ
660 435 706 514 τῷ
730 430 849 514 πρώτῳ
878 429 967 515 λόγῳ
992 431 1044 496 διὰ
1067 430 1224 496 πλείττων
1247 432 1305 510 μέν
1328 430 1414 497 δειυν

264 538 400 602 ἐννοιῶν
423 536 549 616 ἔρχεται
569 533 653 624 κτὲ.).
690 540 793 619 Neque
818 547 916 602 tamen
935 559 1025 602 eausa
1043 550 1115 624 erat,
1139 548 1172 602 ut
1195 541 1232 602 de
1252 541 1314 602 solo
1337 541 1413 602 libro

263 650 361 729 primo
384 649 497 708 iaceret
520 645 618 727 verba,
642 649 667 706 si
690 665 727 706 ne
752 646 936 725 reliquorum
960 648 1080 725 quidem
1104 651 1131 708 ei
1156 651 1228 710 sutis
1251 649 1323 708 feeit
1346 667 1413 709 sen-

263 758 424 816 tentiarum
448 754 529 815 ordo.
567 753 646 833 Ergo
670 752 838 814 censendus
862 764 908 815 est
927 753 1053 833 Cyriiius
1078 755 1182 815 eodem
1207 755 1312 816 ordine
1336 764 1412 816 attu-

263 860 333 922 lisse
352 861 457 922 Iuliani
480 862 644 940 fragmenta
664 879 700 921 ex
724 859 816 921 altero
841 859 916 920 libro
941 860 1055 942 hausta,
1079 879 1137 943 qua
1160 864 1191 922 in
1210 864 1304 942 ipsius
1323 881 1414 943 opere

263 968 342 1030 aliud
366 958 402 1028 ab
426 967 483 1028 aiio
510 964 721 1046 excipiebatur.
758 965 840 1037 Quae
864 985 932 1027 cum
961 968 1002 1028 ita
1025 969 1098 1051 sint,
1127 988 1187 1029 uon
1210 967 1415 1029 aberrabimus

263 1096 279 1136 a
301 1077 456 1155 rectario,
480 1075 505 1134 si
524 1073 652 1139 eundem
671 1075 887 1134 constituemus
907 1073 1042 1134 ordinem
1061 1074 1295 1154 fragmentorum
1309 1075 1414 1137 Iuliani

264 1192 352 1262 atque
372 1180 473 1260 Cyrilii
495 1198 609 1256 eorum,
632 1199 648 1240 a
671 1179 780 1259 quibus
804 1179 966 1278 repetenda
990 1188 1060 1240 sunt
1082 1180 1161 1243 illius
1185 1185 1211 1243 si
1234 1184 1332 1244 minus
1351 1184 1416 1262 ipsa

264 1288 367 1369 verba,
395 1297 425 1348 at
448 1294 533 1348 certe
558 1289 732 1349 sententiae.
780 1286 824 1347 lta
852 1289 943 1366 igitur
971 1290 1162 1351 instituemus
1185 1291 1416 1370 disputationem

264 1402 409 1475 nostram,
437 1402 472 1455 ut
499 1395 630 1473 primum
658 1396 689 1454 in
718 1412 810 1454 unum
839 1394 1041 1475 conteramus,
1074 1414 1150 1474 (νινε
1178 1415 1214 1457 ει(
1242 1398 1416 1474 fragmentis

246 1479 429 1581 'Cyriliianis
452 1499 597 1561 librorum
622 1501 771 1562 undecimi
795 1519 890 1580 usque
914 1500 951 1562 ad
970 1503 1143 1564 vicesimum
1162 1505 1198 1565 de
1218 1503 1324 1564 Iuliani
1347 1521 1413 1564 scn-

226 1603 228 1607 ’
264 1610 365 1670 tentiis
393 1608 577 1688 efficiuntur,
612 1610 637 1668 si
666 1608 695 1668 id
724 1607 849 1668 dubium
878 1627 938 1669 non
966 1618 1025 1691 est,
1058 1629 1094 1670 ex
1123 1629 1182 1689 quo
1211 1609 1312 1690 Cyrilii
1338 1609 1416 1670 libro

263 1715 369 1776 hausta
391 1715 453 1775 sint
476 1715 653 1796 fragmenta,
677 1714 783 1775 deinde
807 1733 841 1775 ea
864 1722 1043 1797 tractemus,
1067 1734 1142 1796 quae
1166 1717 1244 1796 quod
1269 1717 1305 1778 ad
1328 1735 1415 1777 evan·

263 1821 338 1901 gelia
362 1823 527 1903 pertinent,
553 1823 727 1903 deprompta
751 1841 817 1883 esse
842 1825 1001 1884 statuimus
1024 1842 1060 1884 ex
1083 1823 1189 1885 Iuliani
1212 1823 1288 1884 libro
1312 1822 1416 1903 altero,

264 1933 289 1989 si
312 1936 503 2010 perspectum
527 1948 586 1989 nou
605 1928 757 2009 habemus,
781 1931 812 1988 in
836 1948 895 2007 quo
916 1928 1017 2008 Cyriili
1041 1929 1117 1990 libro
1140 1929 1332 2010 peculiariter
1355 1931 1416 1988 sint

263 2036 399 2097 refutata.
441 2035 474 2096 In
503 2052 631 2114 quorum
660 2053 785 2096 numero
818 2034 956 2114 ponenda
984 2043 1054 2096 sunt
1083 2042 1114 2094 et
1144 2053 1220 2114 quae
1252 2037 1283 2094 iu
1312 2035 1416 2095 decem

265 2142 349 2204 libris
372 2142 459 2203 nobis
478 2143 602 2202 serratis
621 2140 717 2202 obiter
736 2150 950 2202 memoraverat
965 2141 1091 2222 Cyrilius
1110 2148 1140 2202 et
1159 2159 1234 2222 quae
1255 2159 1291 2201 ex
1310 2141 1415 2202 decem

266 2248 461 2328 sequentibus
487 2248 592 2309 hausta
615 2257 686 2309 sunt
713 2250 877 2326 fragmenta
904 2248 1048 2310 librorum
1078 2267 1201 2310 numero
1225 2267 1285 2309 non
1313 2248 1416 2331 allat03

266 2374 362 2436 neque
387 2359 485 2416 minus
508 2374 542 2416 ea
565 2355 679 2437 Iuliani,
703 2374 777 2434 quae
802 2356 838 2417 ab
862 2357 928 2417 aliis
952 2364 1066 2418 serrata
1090 2365 1160 2417 suut
1183 2364 1272 2435 atque
1296 2355 1415 2436 cyrillo,

266 2465 292 2524 si
316 2482 374 2542 quc
389 2465 428 2524 sin
452 2460 527 2522 libro
551 2461 600 2522 iile
623 2461 660 2522 de
683 2461 790 2523 iisdem
812 2465 908 2541 egerit
931 2464 1051 2557 efficere
1075 2481 1135 2523 non
1157 2465 1315 2542 possimus.

656 2749 706 2810 Ex
733 2750 842 2826 Cerilli
862 2750 940 2810 libro
964 2748 1021 2809 XI.

827 2888 854 2952 1.

353 2999 455 3059 Altero
474 2997 550 3059 libro
574 3000 605 3058 in
624 3017 748 3060 examen
765 3016 886 3059 vocasse
906 2996 1052 3059 lulianum
1071 2997 1289 3078 evangeliorum
1313 3017 1412 3058 narra·

267 3109 375 3187 tiones,
398 3105 515 3167 duobus
538 3105 611 3166 locis
634 3108 713 3166 inter
742 3123 774 3165 se
798 3107 975 3186 comparatis
999 3105 1228 3167 demonstratur.
1264 3104 1299 3166 lu
1322 3105 1413 3166 altera

266 3215 345 3274 enim
368 3211 436 3273 libri
458 3215 549 3294 primi
570 3222 654 3293 parte
673 3232 701 3293 p.
716 3209 816 3274 218n
843 3211 926 3272 brevi
949 3221 1017 3292 post
1039 3213 1302 3290 pronuntiat-sese
1325 3211 1413 3273 verba

266 3319 413 3382 iacturum
436 3319 473 3380 de
496 3319 639 3400 prodigiis
664 3337 739 3398 quae
765 3321 796 3378 in
820 3317 979 3398 evangeliis
1002 3318 1172 3380 referantur
1194 3337 1292 3399 neque
1316 3321 1412 3380 minus

265 3425 301 3486 de
326 3444 430 3486 eorum
452 3425 615 3486 fraudibus.
652 3422 760 3486 Ταῦτα
779 3422 837 3500 μὲν
856 3420 924 3501 οὖν,
943 3426 1049 3504 inquit,
1072 3422 1123 3485 καὶ
1142 3423 1252 3501 μικρὸν
1271 3423 1411 3501 ὕετερον,

265 3527 345 3593 ὅταν
364 3529 427 3612 ἰδίᾳ
450 3529 523 3608 περὶ
541 3533 597 3605 τῆε
616 3531 682 3592 τῶν
702 3527 906 3603 Εὐαγγελίων
925 3527 1154 3606 τερατουργίαι
1172 3528 1224 3592 καὶ
1243 3529 1412 3608 εκευωρὶαε

265 3634 422 3701 ἐξετάζειν
441 3633 617 3714 ἀρξώμεθα.
657 3638 721 3698 Alio
741 3646 840 3698 autem
862 3637 927 3698 loco
948 3638 1019 3699 dicit
1040 3637 1094 3698 alia
1114 3638 1150 3698 de
1170 3637 1281 3699 Christi
1304 3657 1411 3717 genere

265 3744 416 3806 rettulisse
439 3741 627 3824 Matthaeum‚
650 3742 706 3804 alia
728 3741 854 3825 Lucam3
883 3747 1050 3806 accuratius
1078 3752 1178 3806 autem
1201 3763 1267 3805 sese
1290 3747 1411 3824 inquisi-
1482 3785 1489 3795 -

265 3860 365 3913 tnrum
386 3869 451 3912 esse
473 3853 504 3912 in
523 3869 627 3912 eorum
646 3851 814 3913 dissensum
838 3854 869 3914 iu
888 3851 964 3913 libro
983 3851 1085 3914 altero.
1123 3851 1200 3913 Sunt
1218 3859 1317 3912 autem
1341 3851 1411 3911 haec

265 3958 370 4019 Iuliani
397 3957 487 4019 verba
514 3979 543 4038 p.
563 3955 672 4021 253E:
706 3956 895 4034 ἐλέγχονται
927 3956 989 4035 γὰρ
1018 3957 1183 4021 Ματθαῑο(
1211 3955 1264 4019 καὶ
1290 3955 1412 4020 Λουκᾶς

265 4061 338 4139 περὶ
360 4065 416 4141 τῆ(
441 4060 650 4139 γενεαλογία(
680 4061 780 4127 αὐτοῦ
805 4059 860 4147 (sc.
887 4060 1034 4148 Χριετοῦ)
1063 4065 1305 4141 διαφωνοῦντεε
1332 4063 1412 4140 πρὸ(

264 4166 432 4249 ἀλλήλους.
473 4171 575 4252 Pergit
592 4192 620 4253 p.
636 4169 700 4234 261
712 4170 750 4233 E:
774 4167 857 4233 ἀλλὰ
876 4169 948 4248 περὶ
972 4169 1030 4246 μὲν
1048 4169 1166 4233 τούτου
1185 4170 1357 4248 μέλλοντεε
1375 4168 1412 4233 ἐν

264 4280 310 4361 τῷ
329 4278 469 4360 δευτέρῳ
490 4276 703 4356 τυγγράμματι
726 4278 765 4341 τὸ
784 4275 900 4355 ἀληθὲς
918 4272 1054 4355 ἀκριβῶ(
1073 4274 1230 4343 ἐξετάζειν
1249 4274 1412 4352 ὑπερτιθέ-

264 4390 352 4464 μεθα.
385 4386 427 4448 De
447 4389 474 4448 vi
493 4397 591 4450 autem
610 4388 691 4448 vocis
706 4385 890 4463 τύγγραμμα
909 4387 1080 4446 memineris
1100 4385 1186 4446 velim
1203 4403 1317 4466 eorum,
1336 4402 1412 4464 quae
