3192 4906
230 269 271 332 88
626 281 630 297 ²
736 267 827 338 Caput
845 269 865 323 Ι.

231 436 348 497 deditus
367 443 432 497 erat
450 435 567 496 haeresi
586 435 786 496 Nestorianae.
822 434 886 505 Qua
904 437 935 495 in
954 454 987 495 re
1007 436 1139 495 etiamsi
1159 452 1218 494 non
1238 433 1379 515 ollendas,

231 563 291 604 non
314 544 437 606 eandem
462 561 527 602 esse
551 542 708 602 Alexandri
732 560 766 602 ac
790 540 891 622 Cyrilli
918 542 1128 602 refutationem
1156 541 1226 601 inde
1248 551 1380 622 apparet,

143 679 151 683 -
232 650 311 729 quod
335 652 424 710 unius
452 648 520 709 libri
543 648 579 709 ab
603 647 767 709 Alexandro
792 651 896 729 scripti
920 651 1100 708 mentionem
1129 649 1199 709 lecit
1222 647 1380 728 Ebedjesn,

159 837 161 842 ι
232 755 333 836 Cyrilli
352 764 454 817 contra
477 754 622 816 librorum
646 772 789 815 numerus
809 762 872 814 erat
896 756 1049 814 maximus.
1086 753 1165 832 Ergo
1185 753 1378 815 dubitandum

233 883 292 924 non
317 873 371 945 est,
394 865 467 941 quin
487 864 575 922 etiam
595 860 760 922 Alexander
779 860 924 922 lulianum
943 861 1080 920 refutare
1094 861 1252 922 studuerit.
1287 860 1380 921 Recte

232 978 331 1032 autem
350 971 529 1030 Assemanus
553 988 581 1048 p.
599 965 660 1028 197
681 967 746 1028 adn.
767 966 796 1028 2.
820 968 893 1028 mihi
915 967 1032 1028 videtur
1056 967 1225 1048 adnotasse,
1254 988 1289 1028 eo
1316 969 1381 1030 loco

232 1077 389 1138 Alexandri
414 1079 594 1137 mentionem
622 1077 728 1136 iecisse
752 1074 915 1156 Ebedjesu,
943 1074 994 1135 nbi
1018 1075 1054 1136 de
1078 1075 1275 1155 scriptoribus
1300 1075 1382 1155 Syris

233 1193 346 1265 ageret,
381 1203 451 1262 ergo
485 1186 515 1243 in
548 1182 684 1243 manibus
712 1181 862 1261 Ebedjesu
894 1183 951 1242 luit
979 1181 1098 1262 Syriaca
1129 1182 1198 1243 libri
1225 1182 1383 1243 Alexandri

234 1294 339 1351 versio.
381 1290 484 1368 Neque
513 1308 582 1349 vero
611 1291 769 1368 quicquam
798 1287 941 1348 babemus
970 1296 1155 1367 compertum
1184 1289 1220 1349 de
1249 1297 1382 1369 tempore

233 1397 302 1459 libri
326 1396 361 1458 ab
385 1395 551 1456 Alexandro
580 1397 749 1475 compositi3
779 1413 816 1454 ne
844 1394 872 1454 id
898 1395 1017 1473 quidem
1047 1399 1252 1478 cognovimus,
1283 1407 1383 1458 utrum

214 1513 302 1565 'ante
326 1502 426 1582 Cyrilli
449 1501 541 1562 libros
565 1503 696 1581 scriptus
719 1504 757 1562 sit
781 1520 817 1562 au
839 1510 951 1581 postea.

236 1730 285 1780 tur
309 1716 448 1778 babuisse
468 1709 729 1777 rhootorems
753 1718 911 1795 episcopus
931 1713 1123 1798 dyronSiS,
1147 1736 1236 1796 quam
1260 1717 1387 1798 Cyrillus

235 1823 461 1885 Alexandrinus.
500 1818 565 1883 ‘Hic
584 1818 675 1883 enim'
694 1817 822 1905 inquitl)
847 1819 1044 1902 ‘adsingnlas
1063 1824 1187 1886 lulianei
1209 1825 1278 1885 libri
1296 1843 1383 1901 περι·

237 1928 338 1992 κατὰ(
363 1931 588 2008 responsionem
612 1929 796 2009 subiungens
821 1929 972 1991 hominem
999 1933 1112 2009 pressis
1143 1933 1276 2010 vestigiis
1298 1934 1386 1992 etiam

236 2045 407 2115 evagantem
436 2038 585 2117 sequitur,
613 2036 661 2099 ille
690 2035 821 2097 collectis
854 2039 884 2096 in
913 2039 1091 2098 concinnum
1120 2037 1256 2099 ordinem
1283 2037 1388 2099 luliani

236 2142 463 2221 obiectionibus
487 2142 617 2221 singulas
640 2145 681 2204 ita
700 2143 826 2224 repellit,
849 2151 882 2204 ut
902 2161 1012 2222 corpus
1030 2144 1098 2204 inde
1118 2143 1276 2204 duodecim
1300 2146 1388 2223 parti·

236 2251 293 2311 bus
308 2250 500 2311 elllorescens
515 2245 671 2310 conficiat?
700 2249 759 2310 Sed
773 2253 887 2310 utinam
902 2250 940 2330 id,
956 2251 1035 2329 qnod
1045 2249 1180 2311 Fabricio
1187 2243 1214 2333 ²)
1225 2250 1387 2311 Schroeclr·

237 2353 320 2439 bi03)
339 2357 403 2417 aliis
426 2359 587 2437 persuasit,
609 2357 714 2417 iuliani
738 2354 830 2417 libros
853 2359 1071 2436 impugnavisse
1096 2356 1332 2438 Theodoretnm,
1355 2375 1388 2417 re

239 2483 306 2525 vera
330 2467 368 2524 ita
394 2483 425 2523 se
446 2461 556 2523 habere
577 2462 738 2523 Garnerius
762 2462 961 2524 ostendisset!
999 2463 1109 2524 Verum
1128 2466 1279 2524 enimvero
1304 2467 1398 2544 argn'

238 2579 338 2632 monto
367 2589 404 2630 ne
434 2588 493 2631 uno
522 2570 642 2649 quidem
671 2569 800 2651 adiecto,
828 2588 886 2649 quo
920 2573 1096 2632 sententiam
1129 2590 1212 2632 snam
1241 2571 1390 2651 probaret,

237 2678 326 2738 tidem
350 2676 407 2737 sibi
430 2676 533 2738 haberi
558 2675 657 2737 voluit.
695 2673 795 2747 Quid?
819 2677 898 2756 quod
927 2680 957 2737 iu
981 2677 1139 2737 duodecim
1162 2677 1247 2739 libris
1271 2682 1322 2758 qui
1345 2681 1388 2739 in-

238 2784 412 2845 scribuntur
439 2781 630 2861 Ἓλληνικῶν
659 2784 867 2862 θεραπευτικὴ
901 2780 1098 2860 παθημάτων
1129 2784 1148 2861 ἢ
1183 2781 1389 2862 εὐαγγελικῆς
1469 2826 1473 2832 -

238 2888 389 2967 ἀληθείας
417 2889 450 2954 ἐξ
477 2888 660 2968 Ἑλληνικῆς
691 2888 885 2968 φιλοςοφίας
914 2888 1096 2967 ἐπίγνωςις,
1127 2889 1245 2958 duobus
1276 2902 1391 2954 tantum

238 2998 312 3058 locis
326 2996 432 3057 iuliani
449 3000 631 3059 mentionem
651 2999 721 3059 lecit
735 2995 963 3059 Theodoretus?
991 2997 1126 3068 Quorum
1145 2999 1219 3061 alter
1238 3001 1388 3060 invenitur

238 3107 270 3165 in
293 3104 370 3165 libro
390 3103 438 3165 lX.
460 3125 485 3184 p.
501 3102 576 3186 347,
590 3102 611 3165 9
626 3106 724 3185 Gaisl,
748 3104 800 3165 ubi
819 3106 855 3166 de
875 3084 1112 3166 Christianorum
1131 3105 1391 3184 persecutionibus
1446 3151 1448 3156 -

240 3211 329 3271 verba
357 3213 428 3272 lecit
456 3212 677 3272 Theodoretns:
708 3209 827 3274 Ὁποῑα
854 3209 904 3286 δὲ,
932 3214 1042 3292 inquit,
1070 3207 1129 3273 κάν
1156 3215 1194 3293 τῇ
1218 3207 1391 3274 Ἰουλιανοῡ

242 3315 381 3398 βαςιλείᾳ
399 3315 596 3394 τετόλμηται,
616 3315 696 3380 ἴςαςι
716 3317 773 3394 μὲν
792 3315 823 3380 οἱ
842 3315 1064 3395 γεγηρακότες,
1086 3314 1267 3395 ἀκηκόαμεν
1287 3317 1321 3380 δὲ
1341 3318 1392 3380 καὶ

240 3425 329 3502 ἡμεῖς
362 3424 581 3501 διηγουμένων
615 3426 681 3486 τῶν
713 3425 771 3502 τήν
804 3421 987 3506 τραγῳδίαν
1014 3421 1223 3507 impurdano,
1255 3426 1329 3488 alter
1360 3429 1390 3487 in

241 3533 440 3611 disputatione
455 3530 490 3592 X.
509 3552 537 3611 p.
552 3529 627 3612 382,
644 3529 684 3592 13
695 3533 728 3612 G,
749 3531 798 3593 nbi
818 3533 853 3592 de
871 3531 999 3592 oraculis
1020 3535 1087 3612 egit.
1123 3533 1199 3595 Sunt
1213 3542 1312 3594 autem
1327 3535 1392 3594 eius

242 3636 329 3697 verba
353 3638 440 3698 haec:
464 3637 686 3715 παραπλήειον
710 3637 744 3699 δέ
768 3656 798 3698 τι
821 3637 954 3714 δέδρακε
979 3635 1034 3720 (sc.
1058 3635 1077 3700 ὁ
1100 3635 1237 3722 Πύθιος)
1266 3639 1317 3702 καὶ
1340 3637 1392 3702 ἐπὶ

243 3740 416 3806 Ἰουλιανοῦ
442 3744 501 3821 τὴν
529 3741 630 3820 ὁρμὴν
658 3735 899 3820 ἔχοντοςκατὰ
926 3746 992 3808 τῶν
1016 3741 1192 3823 Ἁςςυρίιυν.
1234 3747 1392 3808 Librorum

315 3956 341 4022 1)
360 3950 487 4008 camere
509 3950 668 4007 dissertatio
692 3951 725 4005 n.
752 3951 786 4008 ae
810 3931 889 4006 noris
913 3952 1082 4008 Theodoreti
1106 3953 1187 4021 ειν,
1208 3960 1253 4009 ιιι
1287 3953 1392 4010 meaa.

242 4059 306 4118 opp.
327 4042 369 4098 ed.
390 4042 508 4098 schulze
526 4041 551 4094 V
569 4060 596 4111 p.
616 4047 677 4096 401.

314 4134 341 4200 2)
360 4129 482 4186 Fabricii
500 4131 625 4186 delectus
643 4129 822 4201 scriptorum,
846 4133 894 4202 qui
912 4131 992 4188 verit.
1013 4132 1062 4187 rel.
1083 4131 1185 4189 Christ.
1205 4134 1392 4187 assernerunt.

244 4227 322 4276 1⁷25.
341 4240 368 4291 p.
388 4226 435 4275 98:
469 4220 638 4276 Theodorebi
658 4251 689 4259 -—
709 4220 775 4274 libri
793 4221 858 4288 XII,
882 4238 952 4290 quos
972 4253 1003 4262 -
1024 4221 1133 4277 iuliano
1155 4221 1319 4291 imperatori
1338 4219 1393 4275 ein-

243 4309 366 4380 gillabim
386 4309 529 4380 oppositos
549 4308 699 4364 Gamerius
719 4310 873 4366 annotavit.

315 4403 342 4470 3)
363 4398 531 4468 Schroeckh,
550 4398 763 4470 Kirohengesch.
783 4399 822 4453 VI
841 4404 902 4454 336.
