3192 4906
572 317 613 371 De
632 315 733 372 Iuliani
752 315 831 372 libris
850 316 1038 372 restituendis.
1317 316 1381 382 105
1449 291 1452 294 Ι

232 481 337 542 loliani
351 481 591 544 dissertationem
609 502 625 544 a
645 483 743 546 verbis
762 483 820 546 his:
844 480 894 546 ὅτι
908 483 944 546 δὲ
959 480 998 546 οὐ
1013 481 1172 559 διδακτὸν,
1191 480 1275 545 ἀλλὰ
1288 471 1384 560 φύεειΙ

232 585 270 650 τὸ
298 585 417 652 εἰδέναι
445 585 521 652 θεὸν
549 591 618 652 soit
647 585 830 666 ἀνθρώπω(
860 586 995 668 ὑπάρχει
1018 586 1080 652 κτὲ.
1128 589 1188 651 lam
1217 599 1292 651 vero·
1315 599 1383 671 post

198 697 204 712 ·
232 694 322 756 verba
350 696 494 775 quaedam
521 713 581 756 non
613 704 728 757 servata
761 699 897 776 sequitur
924 696 1050 759 alterum
1082 697 1294 779 fragmentum,
1323 717 1382 778 quo

204 821 336 865 omnes
369 803 505 864 homines
538 812 643 865 natura
671 822 739 864 cum
772 804 855 865 eaelo
883 807 1058 867 coniunctos
1090 822 1156 865 esse
1184 805 1381 878 contenditur.

232 907 319 979 Quod
343 909 541 988 fragmentum
560 927 629 972 eum
647 919 733 972 antea
756 929 816 972 non
836 919 939 972 notum
962 911 1065 986 fuerit,
1090 929 1149 972 non
1174 914 1267 972 miror
1290 931 1327 972 ne
1351 913 1382 972 id

232 1015 354 1094 quidem
377 1016 575 1095 fragmentum
599 1019 630 1079 in
653 1020 747 1098 prima
770 1026 854 1098 parte
878 1020 1007 1098 positum
1031 1035 1107 1099 esse,
1131 1018 1209 1097 quod
1232 1020 1383 1082 invenitur

231 1143 260 1203 p.
275 1120 351 1186 69ss
366 1142 410 1204 sq.
448 1124 533 1196 Quod
557 1127 583 1186 si
606 1127 787 1204 coniungere
817 1125 968 1188 studueris
992 1144 1059 1187 enm
1088 1125 1125 1186 iis
1147 1122 1252 1186 Iuliani
1275 1124 1383 1206 verbis,
1501 1128 1504 1137 ‘

231 1249 306 1311 quae
331 1233 362 1292 iu
381 1230 481 1312 Cyrilli
506 1233 684 1294 refutatione
706 1233 886 1294 antecedunt
903 1252 931 1313 p.
946 1228 1023 1308 dbql
1039 1250 1112 1314 sqq,
1134 1232 1246 1293 frustra
1268 1230 1381 1293 labora·

231 1339 317 1400 veris.
342 1338 436 1410 -Quod
456 1341 481 1400 si
501 1348 638 1401 secutum
657 1358 723 1402 esse
742 1328 847 1401 censes
866 1340 905 1419 fg.
920 1335 996 1401 52ss
1011 1357 1064 1421 sq,
1083 1340 1179 1402 omnia
1200 1347 1281 1400 reete
1301 1357 1381 1400 nune

231 1444 406 1524 procedunt.
443 1445 508 1518 Quo
530 1447 697 1527 fragmento
716 1456 820 1509 natura
840 1465 943 1508 omnes
966 1447 1102 1508 homines
1126 1463 1194 1507 eum
1213 1445 1294 1506 eaelo
1313 1463 1381 1506 eon-

230 1553 350 1613 iunotos
369 1570 434 1614 esse
455 1553 648 1616 contenderat
667 1553 806 1616 lulianus.
844 1555 948 1616 Nonne
969 1556 1079 1634 optime
1098 1554 1231 1633 perrexit
1249 1572 1276 1633 p.
1291 1549 1383 1614 eeu:

229 1655 261 1720 τί
288 1661 338 1722 δεῖ
364 1677 417 1736 μοι
443 1661 553 1724 καλεῖν
581 1658 738 1738 Ἕλληνα(
771 1660 822 1723 καὶ
848 1659 1010 1740 Ἑβραίουε
1038 1659 1178 1724 ἐνταῦθα
1206 1655 1380 1736 μάρτυραε;

230 1763 338 1828 οὐδεὶς
361 1763 444 1829 ἔετιν
466 1764 503 1830 δε
522 1764 581 1829 οὐκ
598 1764 757 1832 ἀνατείνει
780 1768 838 1845 μὲν
856 1766 901 1832 εἰε
924 1766 1066 1845 οὐρανὸν
1084 1764 1140 1829 τὰε
1160 1768 1270 1847 χεῖρα(
1289 1762 1382 1842 εὐχό-

231 1891 340 1949 μενοε,
368 1870 498 1950 ὀμνύων
522 1871 602 1955 (δὲ)
625 1873 702 1938 θεὸν
724 1874 795 1953 ἤτοι
819 1876 926 1952 θεοὺς,
950 1872 1080 1938 ἔννοιαν
1103 1871 1189 1936 ὅλωε
1212 1874 1270 1935 τοῦ
1293 1869 1382 1935 θείου
1460 1946 1461 1949 ¹

231 1976 414 2058 λαμβάνων,
437 1977 538 2044 ἐκεῖιε
561 1979 695 2058 φέρεται
718 1990 749 2043 et
771 2000 847 2060 quae
871 1990 1039 2061 sequuntur
1061 1983 1093 2042 in
1116 1980 1240 2042 eandem
1263 1988 1382 2040 seuten-

218 2089 302 2148 tiam
325 2083 426 2148 diota?
462 2087 558 2168 Atque
577 2090 665 2149 etiam
685 2107 721 2148 ex
740 2088 839 2150 verbis
857 2071 988 2151 ἔννοιαν
1007 2084 1094 2150 ὅλωε
1117 2087 1176 2148 τοῦ
1193 2083 1282 2149 θείου
1306 2086 1381 2161 λαμ-

232 2190 341 2271 βάνων
359 2194 558 2275 colligendum
577 2206 623 2258 est
637 2196 845 2276 depromptum
860 2215 926 2258 esse
942 2197 998 2257 hoe
1018 2197 1216 2275 fragmentum
1231 2211 1266 2254 ex
1285 2194 1382 2273 prima

230 2301 448 2364 dissertationis
477 2311 574 2383 parte;
602 2303 707 2364 eodem
734 2302 822 2364 modo
856 2321 914 2382 quo
949 2302 1038 2364 verba
1065 2298 1207 2378 οὐρανὸν
1235 2335 1276 2344 -
1305 2300 1382 2363 θεοῦ

231 2406 351 2486 θρόνον
380 2405 544 2488 ὑπέλαβον
572 2411 812 2491 coniungendum
839 2411 868 2472 id
898 2429 963 2472 esse
992 2428 1059 2472 oum
1089 2410 1126 2489 lg.
1142 2405 1218 2472 5213
1233 2427 1275 2488 sq.
1303 2407 1382 2468 baud

231 2517 321 2579 dubie
349 2516 562 2579 demonstrant.
611 2517 713 2597 ltaque
742 2519 785 2580 sio
812 2519 1018 2580 constituenda
1051 2517 1167 2580 videtur
1199 2516 1268 2578 libri
1294 2516 1383 2595 primi

230 2628 327 2706 prima
345 2644 427 2706 pars:
450 2626 489 2713 fg.
504 2620 547 2688 52
558 2625 588 2686 ll.
608 2624 734 2688 Lacuna.
759 2627 797 2706 lg.
812 2623 925 2688 52BC.
950 2628 987 2707 fg.
1002 2622 1079 2688 69ss
1094 2644 1158 2706 sqq.
1190 2623 1293 2704 Neque
1311 2621 1383 2682 licet

232 2750 288 2794 nos
312 2733 413 2794 mirari
436 2740 495 2792 tarn
519 2731 602 2792 brevi
625 2751 689 2793 eam
714 2735 808 2812 spatio
832 2733 951 2813 confici,
975 2734 1038 2812 ipse
1062 2734 1142 2793 enim
1161 2731 1276 2792 dixerat
1293 2727 1378 2789 lulla·

231 2857 291 2901 nus
313 2840 415 2919 paucis
444 2857 509 2900 sese
538 2841 736 2918 repetiturum
767 2858 848 2920 esse,
876 2839 1024 2918 quomodo
1052 2848 1117 2900 orta
1140 2841 1179 2900 sit
1206 2837 1255 2898 dei
1278 2837 1394 2904 notitia

232 2939 326 3028 (421)
350 2943 483 3021 μικρὸν
506 2943 547 3006 δὲ
572 2941 785 3024 ἀναλαβεῖν
808 2942 906 3022 ἄξιον,
929 2942 1006 3008 ὅθεν
1029 2943 1104 3022 ἡμῖν
1126 2943 1194 3024 ἥκει
1217 2942 1269 3006 καὶ
1291 2937 1382 3004 ὅπως

152 3045 159 3050 ’
232 3050 344 3116 ἔννοια
366 3053 443 3115 θεοῦ
466 3049 504 3114 τὸ
527 3047 682 3136 πρῶτον).

322 3159 383 3221 lam
402 3177 483 3221 nuno
505 3160 541 3221 ad
569 3160 691 3223 alteram
714 3169 828 3240 partem
856 3161 1069 3224 restituendam
1097 3170 1295 3237 hanseamus,
1324 3173 1382 3234 qua

232 3269 414 3346 comparavit
447 3265 578 3328 lulianus
606 3266 787 3328 Graecorum
821 3276 852 3330 et
878 3267 1054 3330 ludaeorum
1088 3267 1125 3328 de
1152 3264 1243 3326 rebus
1275 3263 1382 3324 divinis

233 3375 405 3436 sententias.
442 3371 498 3434 Ubi
522 3391 538 3432 a
561 3382 642 3434 reeta
665 3375 710 3434 via
733 3393 770 3434 ne
794 3373 981 3456 aberremuS,
1004 3394 1041 3436 ne
1065 3374 1272 3436 obhviseamur
1295 3368 1380 3431 lulia-

233 3499 316 3563 num,
340 3499 408 3542 oum
432 3479 542 3542 assecla
562 3488 642 3542 esset
664 3480 867 3562 philosophiae
886 3501 974 3566 quam
993 3500 1132 3544 vocamus
1151 3478 1383 3559 neoplatonicae,

232 3603 359 3668 prorsus
386 3587 528 3648 reiecisse
556 3586 683 3670 fabulas,
713 3607 787 3668 quas
815 3589 851 3652 de
880 3590 925 3651 dis
953 3601 1057 3671 poetae
1085 3596 1291 3669 narraverant,
1318 3593 1382 3647 toto

233 3705 355 3774 pectore
388 3693 520 3756 deditum
548 3694 640 3756 luisse
668 3695 880 3777 philosophiae.
920 3696 1046 3760 Fabulas
1073 3706 1173 3758 autem
1200 3695 1381 3758 Graecorum

234 3818 310 3878 quae
335 3798 592 3862 vehementissime
616 3819 632 3860 a
655 3799 770 3864 ludaeis
794 3811 824 3864 et
847 3802 1022 3865 Christianis
1046 3802 1303 3884 vituperabantur,
1332 3795 1380 3862 ex·

234 3916 371 3986 spectare
390 3906 516 3968 debebat
539 3908 603 3986 ipse
627 3907 683 3968 sibi
707 3907 917 3988 exprobratum
941 3912 991 3992 iri,
1014 3912 1040 3971 si
1062 3912 1100 3972 iis
1123 3909 1266 3990 neglectis
1288 3907 1381 3988 philo·

234 4015 369 4094 sophiam
392 4013 480 4074 modo
503 4013 683 4078 Platonicam
711 4025 913 4096 comparasset
935 4035 1002 4079 cum
1026 4015 1202 4090 ludaeorum
1230 4014 1382 4095 religione.

233 4119 413 4182 Fabularum
445 4122 537 4201 igitur
569 4123 750 4183 mentionem
783 4122 880 4184 lacere
913 4122 1039 4185 debebat
1070 4142 1168 4203 neque
1200 4123 1286 4184 aliter
1317 4124 1382 4184 sine

234 4227 414 4290 detrimento
437 4236 563 4311 poterat,
587 4230 644 4289 nisi
667 4237 700 4290 ut
722 4231 855 4308 ipsorum
879 4248 997 4310 quoque
1016 4230 1192 4293 ludaeorum
1216 4230 1381 4292 doctrinam

233 4336 357 4398 minime
372 4353 475 4397 vacare
490 4335 597 4397 fabulis
612 4336 783 4400 ostenderet
795 4355 889 4417 aeque
903 4347 992 4418 atque
1002 4337 1184 4399 Graecorum
1195 4336 1378 4400 detestandis

235 4441 322 4514 Quod
344 4451 503 4524 postquam
526 4443 792 4527 demonstraverat,
818 4453 889 4507 tuno
912 4444 1032 4507 demum
1055 4446 1182 4506 transire
1205 4451 1322 4525 poterat
1345 4445 1381 4506 ad
