3192 4906
277 298 340 362 m
725 291 915 369 Smst

277 458 363 542 λίαν,
387 483 462 545 quae
487 485 523 526 ex
547 466 637 528 altera
661 463 731 528 libri
752 467 841 545 primi
864 473 948 546 parte
972 465 1076 528 hausta
1105 483 1171 526 esse
1195 474 1325 546 apparet.
1367 468 1425 529 Sed

275 573 422 651 quomodo
442 581 507 634 orta
526 582 572 635 est
591 569 813 654 discrepantia?
842 572 1024 635 Putemusne
1044 580 1219 652 corruptum
1238 592 1308 635 esse
1324 594 1425 636 nume-

274 697 341 740 rum
371 698 387 739 a
410 679 533 741 Socrate
561 675 709 742 relatum?
749 680 841 742 Estne
869 663 1059 764 scribendum
1088 675 1207 761 πρώτῳ
1231 699 1286 761 pro
1309 679 1426 764 rpirtp?

194 855 197 860 ,
274 785 329 846 Cui
352 788 542 869 coniecturae
566 787 664 849 obstat
687 787 865 848 Cassiodorii
894 787 1018 848 historia
1042 788 1203 868 tripartita,
1231 789 1262 848 in
1286 808 1342 869 qua
1366 789 1425 851 Vll.

276 910 338 972 cap.
357 890 395 954 2:
410 893 500 954 latine
520 913 604 954 versa
626 889 774 974 leguntur
787 893 918 955 Socratis
942 893 1040 958 verba.
1076 893 1172 972 Atque
1192 896 1334 956 etiamen
1357 896 1423 958 loco

250 1002 364 1062 ‹tertio
383 999 451 1061 libri
470 1001 504 1062 fit
522 1004 644 1076 mentio.
680 1000 759 1081 Ergo
778 1000 1118 1080 brevissimotemporis
1137 1003 1241 1083 spatio,
1263 1002 1343 1081 quod
1362 1011 1428 1064 erat

275 1109 354 1169 iuter
378 1106 531 1169 Socratem
560 1116 589 1170 et
613 1108 846 1189 Cassiodorium‚
875 1107 1030 1168 statuenda
1059 1115 1139 1169 esset
1161 1109 1331 1189 corruptela
1359 1129 1426 1172 csse

275 1223 348 1276 orta.
386 1214 472 1286 Quod
496 1233 675 1296 qcramquam
698 1217 763 1276 fieri
782 1217 903 1276 omuino
922 1233 982 1275 non
1005 1216 1139 1295 potuisse
1159 1215 1218 1276 dici
1240 1219 1355 1299 nequit,
1377 1218 1426 1279 ad-

276 1323 451 1385 mittendum
480 1331 662 1384 tamennon
686 1332 732 1385 est
759 1325 817 1384 nisi
841 1332 972 1385 extrema
1001 1324 1178 1384 necessitate
1202 1326 1321 1386 coactis.
1362 1324 1426 1386 Hoc

277 1439 376 1492 autem
400 1430 464 1491 loco
488 1430 544 1490 alia
571 1430 658 1492 nobis
685 1440 803 1510 praesto
827 1438 873 1492 est
896 1433 1055 1494 excusatio.
1097 1431 1174 1493 Num
1202 1439 1318 1493 constat
1344 1434 1426 1512 ipsos

276 1536 380 1597 loliani
408 1537 500 1598 libros
524 1536 667 1599 evolvisse
692 1535 867 1600 Socratem?
909 1537 986 1610 Quid
1015 1540 1041 1598 si
1070 1537 1131 1600 sola
1155 1556 1227 1600 usus
1255 1547 1302 1600 est
1325 1539 1425 1620 Cyrilli

273 1641 475 1706 refutatione?
506 1645 631 1708 Exstant
650 1655 749 1708 autem
769 1646 873 1707 Iuliani
893 1645 1012 1707 verbaa
1032 1645 1155 1706 Socrate
1174 1644 1259 1707 allata
1278 1649 1309 1707 iu
1324 1646 1426 1728 Cyrilli

230 1733 231 1736 ¹
273 1750 349 1811 libro
373 1752 471 1812 tertio.
508 1750 589 1831 Ergo
613 1748 721 1813 censeo
746 1752 899 1814 Socratem
923 1752 1029 1813 luliani
1051 1771 1099 1833 ea,
1126 1771 1200 1832 quae
1225 1752 1326 1832 Cyrilli
1347 1752 1424 1814 libro

275 1860 364 1920 tertio
383 1858 600 1940 refutabantur,
618 1862 707 1920 tertio
726 1867 830 1922 contra
845 1859 1028 1926 Christianos
1046 1859 1123 1920 libro
1143 1869 1255 1922 temere
1274 1859 1424 1922 tribuisse.

362 1965 433 2028 Post
464 1967 661 2046 fragmentum
690 1964 764 2028 931]
778 1945 844 2048 οπο.
872 1966 908 2027 ad
936 1967 1022 2028 aliam
1055 1967 1206 2026 materiam
1240 1967 1424 2029 tractandam

273 2074 427 2146 transiisse
447 2071 591 2136 lulianum
616 2075 688 2135 dicit
707 2072 834 2154 Cyrillus
852 2093 880 2154 p.
896 2070 938 2136 96
950 2073 985 2135 C:
1014 2070 1171 2136 Μεθιετὰε
1195 2071 1230 2134 δὲ
1254 2070 1352 2137 πάλιν
1370 2071 1425 2152 ἐφ’

273 2177 367 2256 ἕτερα
384 2181 440 2256 τῆτ
460 2176 533 2244 καθ’
550 2179 641 2257 ἡμῶν
660 2177 831 2257 (κευωρίατ
849 2178 908 2242 τόν
925 2176 1059 2257 τρόπον,
1084 2176 1259 2255 ευγκρίνειν
1278 2182 1425 2259 πειρᾶται

272 2288 340 2348 rote
350 2283 467 2349 ἑαυτοῦ
483 2285 671 2350 corcellum
682 2285 814 2364 δόγματι
824 2285 864 2350 τὰ
876 2287 1071 2365 Χριετιανῶν
1085 2284 1171 2349 οὕτω
1187 2285 1301 2373 λέγων.
1326 2287 1423 2368 Atque

273 2413 308 2458 ex
329 2393 418 2454 verbo
439 2391 618 2470 μεθιττάναι
637 2414 691 2457 seu
710 2391 904 2473 nanctoacum
924 2401 1066 2456 mutatam
1085 2395 1245 2474 significari
1261 2397 1425 2478 materiam,

273 2500 449 2562 dissolutum
481 2503 715 2582 fragmentorum
748 2503 883 2564 ordinem
916 2521 975 2563 non
1010 2504 1095 2583 item,
1128 2503 1217 2562 etiam
1244 2520 1280 2562 ex
1314 2505 1423 2564 ceteris

273 2607 346 2668 locis
364 2607 561 2690 intellegitur,
583 2612 683 2690 quiin
703 2609 803 2690 Cyrilli
822 2610 906 2672 libris
925 2612 1126 2690 reperiuntur.
1164 2608 1241 2670 Sunt
1259 2618 1358 2672 autem
1377 2589 1422 2699 bi:

272 2712 452 2789 μεθιετάναι
475 2736 504 2797 ρ.
525 2713 589 2780 134
603 2716 634 2806 C,
658 2712 853 2793 περιιετάναι
877 2736 904 2796 p.
924 2713 988 2778 209
1004 2715 1035 2798 C,
1058 2736 1086 2796 p.
1106 2713 1171 2779 249
1182 2716 1213 2798 C,
1241 2735 1316 2796 quae
1344 2718 1421 2779 idem

272 2821 369 2884 valent
392 2819 594 2901 ἀποκομίζειν
619 2821 678 2885 τὸν
702 2821 801 2898 λόγον
825 2821 924 2886 2211)
948 2834 978 2885 et
1002 2819 1045 2885 δι’
1069 2819 1181 2899 ἑτέρα(
1209 2821 1315 2902 ὥςπερ
1339 2824 1421 2888 ἵεται

270 2925 380 3004 τρίβου
400 2926 465 2992 333
475 2929 507 2990 B.
540 2931 660 2992 Transit
678 2939 777 2993 autem
796 2931 928 2993 lulianus
946 2932 983 2994 ad
998 2921 1189 2993 Graecorum.
1200 2940 1230 2992 et
1243 2929 1420 2993 ludaeorum

271 3037 421 3098 doctrinas
443 3040 483 3100 ita
507 3041 587 3100 inter
610 3058 642 3101 se
662 3039 884 3120 comparandas,
907 3049 940 3101 ut
963 3037 1187 3118 praeferendam
1206 3056 1273 3099 esse
1289 3038 1421 3100 Platonis

270 3145 485 3226 philosophiam
509 3145 578 3206 inde
607 3157 753 3228 appareat.
795 3145 903 3226 Incipit
930 3153 1028 3206 autem
1056 3148 1096 3206 ita
1120 3165 1147 3226 p.
1163 3142 1252 3207 aot:
1280 3141 1361 3221 ὑπὲρ
1385 3143 1420 3208 δὲ

272 3246 319 3313 ὧν
343 3249 460 3315 ἐκεῖνοί
483 3271 518 3316 τε
537 3250 664 3331 ἀληθῶς
684 3241 778 3336 [ὑπὲρ
802 3253 893 3331 θεοῦ]
914 3248 1100 3316 δοξάζουτιν
1118 3251 1193 3330 ἡμῖν
1215 3271 1250 3316 τε
1269 3251 1302 3316 ἐξ
1321 3249 1420 3330 ἀρχῆς

271 3356 302 3420 oi
334 3359 470 3436 πατέρε(
502 3361 698 3439 παρέροταν,
731 3359 750 3424 ό
779 3362 836 3438 μὲν
864 3360 1017 3439 ἡμέτεροε
1045 3357 1112 3437 ἔχει
1142 3356 1240 3434 λόγοι
1272 3357 1331 3421 ὡδὶ
1361 3357 1421 3422 τὸν

271 3469 411 3543 προιεχῆ
435 3470 493 3530 τοῦ
512 3465 630 3546 κόεμου
653 3468 770 3532 τούτου
790 3464 992 3546 δημιουργόν.
1026 3466 1083 3528 Ubi
1102 3468 1172 3546 quid
1197 3466 1253 3528 sibi
1272 3466 1342 3528 velit
1364 3486 1418 3527 vox

213 3584 217 3594 ·
271 3568 330 3632 bat
357 3573 495 3652 cqrridem
522 3593 583 3636 non
611 3575 758 3656 intellego.
801 3575 918 3637 Maximi
946 3582 1045 3636 autem
1074 3575 1216 3655 momenti
1248 3581 1306 3654 est,
1340 3571 1418 3653 quod

271 3679 391 3740 minime
415 3683 599 3742 concessisse
616 3680 779 3763 lulianum,
803 3689 883 3743 recte
908 3681 943 3741 de
968 3679 1070 3742 mundi
1094 3681 1199 3760 opifice
1224 3682 1354 3742 sensisse
1372 3679 1417 3740 lu·

271 3785 360 3846 dacos
379 3805 415 3847 ex
439 3787 565 3868 reliquis
581 3773 703 3850 alterius
724 3791 817 3868 partis
840 3785 1023 3868 intellegitur
1046 3789 1228 3867 fragmentis,
1264 3787 1343 3866 Ergo
1367 3787 1418 3848 du-

270 3892 352 3952 bium
377 3912 436 3954 non
465 3904 524 3976 est,
553 3897 624 3975 quin
649 3895 827 3957 medendum
855 3898 895 3956 sit
921 3877 1108 3974 corruptelae
1132 3913 1181 3975 eo,
1209 3894 1288 3972 quod
1316 3911 1419 3954 vocem

269 3996 328 4060 bct
356 4009 505 4063 mutamus
533 4005 564 4064 in
592 3997 706 4086 οὐδέ.)
748 4002 895 4064 Probatur
923 4003 996 4063 haec
1024 4005 1196 4063 coniectura
1223 4001 1287 4062 aliis
1315 4000 1420 4064 Iuliani

269 4106 366 4169 verbis
385 4128 413 4188 p.
428 4106 519 4172 lun:
543 4106 661 4174 οὐκοῦν
680 4109 853 4188 ἐπειδήπερ
872 4107 961 4172 οὐδὲ
986 4107 1058 4186 περὶ
1080 4110 1139 4171 τοῦ
1158 4109 1336 4185 προεεχοῦι
1359 4109 1418 4170 τοῦ

249 4349 1417 4430 ΜηΜΜΜωΜΜΜΜΜΜΜΜΜΜ

256 4431 303 4498 'cf
324 4442 421 4498 lulian.
442 4443 485 4498 ed.
504 4443 592 4499 Hertl.
612 4462 639 4514 p.
659 4448 709 4509 61,
728 4447 753 4496 4.
