3192 4906
257 318 321 382 122
755 319 847 390 Caput
864 321 898 374 II.

255 487 414 566 fragmenti
435 505 463 566 p.
478 482 655 565 351hsqq.
679 496 895 566 argumentum.
932 489 1049 566 lntegra
1073 496 1171 549 autem
1196 497 1310 548 servata
1332 498 1404 548 sunt

256 593 360 654 luliaui
383 593 472 653 verba
496 611 512 652 a
535 590 656 652 vocibus
675 589 745 652 vovi
766 590 802 653 δὲ
821 590 1068 669 ἐπαναληπτέον
1086 612 1114 674 p.
1130 591 1228 655 351x
1252 594 1403 674 usquead

254 719 283 778 p.
298 696 392 760 35113
412 696 463 759 καὶ
483 693 659 773 carroperae
679 715 743 760 tou.
777 697 920 777 Sequitur
939 708 1114 780 excerptum
1133 700 1233 781 Cyrilli
1251 720 1347 780 usque
1366 701 1404 761 ad

255 825 342 866 voces
371 803 510 886 βαειλείᾳ
537 806 603 867 τῶν
632 802 781 881 οὐρανῶν
808 824 837 885 p.
857 801 919 868 351
933 806 969 887 C,
997 807 1076 885 quod
1104 809 1251 887 excipitur
1279 811 1404 888 integris

256 912 360 974 Iuliani
383 908 437 975 ὅτε
461 909 570 975 τοίνυν
595 931 689 992 usque
713 913 748 973 ad
772 909 869 974 3511)
894 909 932 975 οὐ
952 911 1186 989 νομοφύλακες.
1229 913 1403 994 Sequuntur

255 1029 355 1081 autom
377 1039 405 1098 p.
420 1015 520 1080 3511)
545 1017 645 1099 Cyrilli
669 1017 766 1099 verba,
790 1017 899 1097 quibus
922 1019 1015 1080 refert
1038 1038 1114 1099 quae
1138 1021 1333 1100 sequentihus
1356 1021 1403 1081 lu-

254 1127 350 1187 lianus
378 1126 580 1205 disputaverit.
616 1123 683 1184 Non
712 1123 862 1186 celebrare
890 1125 999 1204 pascha
1022 1126 1205 1188 Christianos
1233 1129 1316 1206 agnis
1340 1110 1403 1208 azy·

255 1234 368 1311 misque
392 1231 519 1313 panibus
538 1231 697 1312 rescend03
721 1250 816 1310 neque
836 1250 924 1312 posse
947 1250 999 1293 eos
1022 1233 1238 1313 neglegentiam
1261 1252 1344 1294 suam
1368 1252 1404 1295 eo

254 1339 428 1417 defendere,
460 1338 539 1418 quod
569 1356 716 1416 nusquam
745 1337 832 1398 liceat
859 1356 942 1399 sacra
970 1339 1068 1400 facere
1097 1341 1156 1400 uisi
1182 1339 1403 1421 Hierosolymis.

253 1445 333 1507 Haec
362 1444 488 1525 Cyrillus
516 1445 639 1506 rettulit.
683 1444 786 1506 Exstat
814 1453 913 1506 autem
943 1463 1047 1526 magua
1080 1465 1150 1525 pars
1177 1448 1271 1526 ipsius
1299 1448 1406 1511 Iuliani

187 1619 191 1625 ,
253 1553 422 1633 verborum,
446 1551 555 1633 quihus
575 1570 608 1612 ea
627 1554 774 1634 exposuit,
797 1565 872 1631 quac
896 1551 1016 1613 brevius
1035 1551 1151 1613 reddita
1169 1570 1235 1613 esse
1259 1571 1275 1613 a
1295 1552 1404 1633 Cyrillo

254 1659 341 1720 modo
369 1661 605 1720 memoravimus.
647 1658 671 1718 E
700 1658 809 1738 quihus
841 1658 1040 1737 intellegimus
1070 1676 1129 1718 non
1162 1661 1233 1720 satis
1266 1669 1404 1722 accurate

255 1747 396 1846 Cyrillum
418 1765 579 1826 rettulisse.
619 1766 739 1826 Minime
764 1767 843 1826 enim
871 1765 1040 1844 neglectum
1063 1765 1173 1846 pascha
1196 1785 1231 1827 co
1260 1786 1403 1829 excusare

254 1871 434 1934 studuerunt
458 1870 630 1954 Christiani,
662 1874 731 1951 quia
760 1882 843 1933 extra
866 1871 1069 1953 Hierosolyma
1093 1891 1176 1934 sacra
1199 1874 1297 1935 facere
1321 1875 1403 1936 nefas

253 1988 347 2062 esset;
365 1979 504 2060 pascham
520 1982 598 2040 enim
614 1999 680 2042 sese
695 1999 730 2040 eo
750 1978 901 2040 celebrare
916 1979 1072 2060 negabant,
1091 1980 1171 2059 quod
1186 1999 1279 2041 uuum
1293 1980 1403 2042 Christi

253 2088 432 2147 sacrificium
459 2096 601 2166 aequaret
629 2106 732 2149 omues
761 2106 851 2168 agnos
879 2089 1038 2166 quotannis
1066 2106 1083 2148 a
1106 2088 1222 2149 ludaeis
1250 2097 1401 2150 mactatos

253 2192 328 2253 lleiu
351 2193 481 2254 lulianus
505 2197 652 2275 vituperat
676 2194 875 2274 Christianos,
903 2193 983 2273 quod
1006 2212 1066 2254 non
1090 2195 1244 2257 imitentur
1267 2194 1401 2256 hhrahae

253 2317 338 2360 sacra
360 2299 490 2363 faciundi
513 2303 614 2382 ritum,
637 2320 734 2380 oeque
753 2300 858 2362 eodem
879 2300 966 2361 modo
990 2309 1079 2380 atque
1102 2301 1151 2363 ille
1175 2303 1276 2363 futura
1294 2319 1400 2382 coguo-

254 2423 338 2466 socre
362 2405 508 2467 studeant.
545 2407 648 2486 Neque
676 2409 756 2468 enim
780 2425 883 2468 vanam
911 2426 976 2470 esse
1000 2401 1108 2470 rerunt‘
1125 2410 1293 2471 futurarum
1316 2427 1400 2488 prae-

253 2512 423 2594 dictionem,
445 2515 591 2594 imprimis
610 2532 674 2575 eam
693 2533 752 2594 qua
770 2524 893 2577 utantur
912 2517 1049 2595 auspices
1066 2534 1121 2596 pro
1140 2524 1223 2576 certo
1246 2515 1401 2576 adfirmare

253 2637 319 2680 sese
346 2638 448 2702 posse,
477 2639 535 2700 qua
562 2622 699 2682 futurum
721 2640 801 2704 esse,
829 2629 863 2682 ut
890 2639 993 2683 rerum
1019 2625 1083 2703 ipse
1111 2625 1259 2703 potiretur
1283 2620 1340 2683 sihi
1362 2625 1400 2683 sit

152 2733 153 2738 ’
254 2728 431 2787 nuntiatum.
459 2726 766 2807 Expouuuturautem
780 2728 853 2790 haec
867 2729 1041 2808 fragmentis
1051 2725 1146 2791 354a
1157 2747 1220 2809 sqq.
1236 2725 1399 2808 356quq.

254 2827 349 2894 3580
369 2851 432 2913 sqq.
456 2830 555 2895 3611}
583 2828 748 2916 (Cynexo.
778 2830 926 2897 δεδότθαι
954 2852 991 2908 γε
1019 2834 1080 2912 μὴν
1110 2832 1161 2896 καὶ
1188 2831 1277 2917 αὐτῷ
1305 2852 1400 2914 φηειν

253 2935 391 3015 ὀρνίθων
414 2938 528 3017 φωνὰ(
547 2940 752 3005 διδαεκούεατ
775 2939 825 3004 ὅτι
843 2943 911 3003 τοῑτ
930 2943 986 3018 τῆ(
1011 2937 1167 3018 Buculeio(
1190 2939 1322 3019 ἐνιῑήτει
1345 2937 1398 3005 dd·

253 3040 342 3130 uorc).
379 3047 590 3128 Fragmentum
612 3059 713 3113 autem
731 3046 831 3112 nott
854 3051 895 3110 ita
918 3050 1110 3128 coniungitur
1132 3065 1200 3111 cum
1223 3049 1398 3110 antecedan-

252 3153 333 3214 tibus
356 3153 462 3216 lvdiani
485 3154 583 3216 verbis
607 3152 702 3218 3511}
731 3152 771 3218 οὐ
794 3151 1032 3232 νομοφύλακετ,
1056 3163 1094 3216 -ut
1116 3156 1219 3235 paucis
1246 3163 1398 3235 repetatur

252 3259 404 3339 neglectae
423 3263 659 3325 circumcisionis
677 3264 862 3343 vituperatio.
900 3263 1004 3322 Restat
1021 3269 1121 3322 autem
1134 3259 1239 3324 Iuliani
1253 3265 1398 3323 sententia

252 3385 268 3427 a
288 3366 396 3447 Cyrillo
414 3368 506 3430 relata
524 3389 552 3448 p.
567 3365 666 3431 3511)
686 3369 852 3451 indicantis,
871 3366 1019 3448 quomodo
1039 3366 1227 3429 defenderint
1241 3367 1398 3430 Christiani

253 3493 407 3535 sacrorum
426 3475 650 3555 neglegentiam.
688 3476 769 3548 Quae
789 3478 899 3557 optime
919 3474 1089 3554 adiungitur
1112 3475 1148 3534 iis
1167 3473 1273 3536 luliaui
1292 3475 1398 3557 verbis,

253 3580 362 3659 quihus
385 3581 421 3641 de
446 3579 579 3642 hhrahae
608 3583 668 3660 egit
691 3581 739 3642 dei
762 3582 858 3663 cultu3
887 3580 1062 3643 statuendus
1085 3581 1164 3642 euim
1187 3590 1293 3643 estex
1317 3582 1397 3644 Chri·

253 3689 356 3748 stianis
384 3688 578 3768 quaesivisse,
610 3706 664 3748 our
696 3705 756 3748 nou
784 3688 888 3748 eodem
914 3687 1002 3748 modo
1036 3705 1119 3747 sacra
1146 3688 1280 3749 facerent
1311 3699 1397 3770 atque

252 3793 407 3855 Abraham.
446 3793 585 3855 Serrasse
614 3805 714 3856 autem
737 3795 877 3874 Cyrillum
905 3797 969 3874 ipsa
991 3793 1097 3854 luliaui
1120 3792 1248 3855 rerbaa
1277 3795 1397 3858 vocibus

252 3896 411 3977 πρόφαει(
434 3897 508 3978 ὑμῖν
530 3910 599 3982 post
620 3899 671 3963 καί
694 3919 790 3979 φηειν
810 3898 860 3964 ὅτι
883 3903 989 3983 positis
1011 3901 1080 3983 inde
1104 3900 1295 3984 intellegitur,
1318 3897 1418 3982 quod'

252 4008 395 4070 traditum
422 4019 468 4070 est
494 4005 581 4086 ὑμῖν,
609 4027 669 4098 nou
694 4007 777 4085 ἡμῖν.
819 4009 879 4070 lam
906 4029 977 4071 vero
1005 4027 1065 4069 non
1093 4007 1209 4090 dubito,
1242 4011 1314 4088 quio
1342 4009 1396 4070 hoc

252 4116 317 4176 loco
331 4114 502 4195 ponendum
521 4117 561 4176 sit
579 4115 777 4196 fragmentum
795 4115 900 4178 Iuliani
920 4123 1069 4177 servatum
1087 4117 1118 4177 in
1137 4114 1239 4196 Cyrilli
1257 4124 1395 4198 excerpto

252 4242 280 4304 p.
295 4218 393 4284 3240
412 4221 492 4300 quod
512 4230 570 4283 est:
593 4222 767 4299 καταψέγει
790 4221 826 4284 δὲ
847 4217 902 4306 (sc.
922 4218 940 4283 ὁ
960 4217 1145 4305 Ἰουλιανὸς)
1164 4218 1262 4285 πάλιν
1281 4219 1396 4285 αὐτοῦ(

252 4323 308 4412 (sc.
326 4327 402 4390 τοὺε
421 4323 669 4418 ’leuto-louein(
687 4330 754 4392 τῶν
773 4327 830 4405 μὲν
849 4324 958 4390 ἄλλων
975 4325 1128 4392 ἁπάντων
1146 4325 1396 4406 ἀπηρτημένουε,

252 4431 445 4511 &totumue
468 4434 503 4502 δὲ
527 4432 565 4496 τὸ
584 4432 671 4499 θύειν
689 4431 874 4512 ὀκνοῦντας,
892 4431 993 4498 καίτοι
1016 4433 1113 4514 φηεὶν
1134 4433 1243 4500 Ἡλίου
1266 4432 1395 4499 τεθυκό-
