3194 4904
572 321 613 374 De
633 307 734 375 Iuliani
751 320 885 375 librorum
905 319 980 374 fatis.
1308 316 1348 381 17

200 488 344 548 lecturam
364 485 539 548 Theodorus
558 485 639 548 Zahn
659 506 694 548 eo
713 486 792 566 quod
811 487 950 566 redargui
969 503 1028 546 non
1048 492 1148 565 potest
1166 493 1348 564 argumento.
1453 471 1456 476 ¹

199 594 412 655 Animadvertit
427 596 506 655 enim
525 597 556 654 in
574 594 782 656 dissertatione
802 613 855 655 sua
869 594 906 654 de
920 592 1047 655 Macario
1062 595 1172 673 scripta
1187 587 1348 674 (Briegeds

201 700 372 762 zeitschrift
408 702 456 762 liu
485 700 787 781 llirchengeschichte
815 699 884 762 113
911 699 996 763 1878
1024 720 1052 780 p.
1076 695 1157 782 453)
1186 700 1350 761 eorundem

199 807 349 869 interdum
368 808 503 870 locorum
517 828 553 870 ex
572 808 656 870 libris
672 811 764 870 sacris
783 811 980 889 repetitorum
994 807 1064 868 alias
1079 808 1207 867 inveniri
1222 809 1349 887 scriptu-

174 985 176 990 ,
199 933 248 975 ras
271 913 349 995 apud
367 915 577 996 philosophum
595 917 667 977 alias
686 915 764 995 apud
783 915 952 977 Macarium.
995 914 1053 976 Sed
1077 915 1157 976 unde
1176 914 1350 994 deprompta

200 1029 271 1082 sunt
288 1020 457 1101 philosophi
476 1019 622 1083 crimina?
658 1023 731 1083 Nam
750 1041 784 1082 ea
804 1041 840 1082 ex
862 1022 1060 1102 complurium
1082 1021 1167 1083 libris
1186 1040 1252 1082 esse
1271 1040 1350 1082 com·

199 1129 287 1208 pilata
312 1130 413 1190 credat
431 1128 558 1190 Iudaeus
577 1129 686 1209 Apella.
724 1128 822 1190 Unum
846 1130 979 1189 enimin
1002 1129 1141 1191 omnihus
1164 1138 1210 1190 est
1232 1127 1350 1190 dicendi

200 1253 308 1316 genus,
336 1254 394 1296 una
423 1236 648 1326 argumentandi
676 1239 759 1297 ratio.
796 1237 837 1296 Ac
865 1236 902 1297 de
925 1235 1037 1297 Iuliano
1066 1237 1186 1316 quidem
1211 1238 1351 1315 cogitavit

201 1340 359 1403 Moellerus
390 1338 578 1425 (Schuerer’s
606 1342 807 1422 theologische
835 1343 1105 1423 Literaturzeitung
1129 1340 1213 1406 1877
1238 1343 1288 1404 Nr.
1310 1339 1350 1402 19

198 1467 225 1527 p.
249 1443 343 1530 525),
380 1450 525 1528 cogitasse
560 1450 676 1511 videtur
708 1448 884 1511 Theodorus
916 1449 996 1510 Zahn
1034 1443 1113 1532 (loco
1143 1469 1232 1530 supra
1264 1449 1350 1509 allato

197 1574 225 1634 p.
245 1549 339 1639 452),
363 1565 517 1636 permotus
540 1564 667 1636 uterque
692 1557 808 1619 duobus
832 1556 951 1618 Macarii
973 1557 1056 1637 locis,
1079 1556 1131 1617 ubi
1154 1557 1346 1636 philosophus

201 1664 247 1722 sui
274 1665 418 1742 temporis
447 1667 591 1726 rationem
621 1664 747 1725 reddere
775 1665 900 1725 videtur.
942 1664 1051 1743 Pagina
1080 1666 1158 1724 enim
1191 1660 1254 1726 163
1282 1663 1350 1743 plus

200 1775 352 1860 trecentos
379 1789 472 1832 annos
500 1771 571 1832 dicit
599 1773 752 1832 transiisse
784 1780 852 1851 post
880 1781 1027 1832 extremas
1055 1770 1166 1832 Christi
1193 1773 1350 1831 orationes.

203 1873 258 1936 Καὶ
290 1872 374 1953 ἰδοὺ,
404 1879 516 1959 inquit,
549 1875 710 1954 totondere
737 1876 756 1954 ἢ
785 1876 835 1940 καὶ
864 1877 1040 1954 περαιτέρω
1069 1876 1252 1938 διῖππευεεν
1281 1873 1350 1956 ἔτη;

201 1984 306 2060 pagina
330 1992 429 2045 autern
451 1981 557 2066 160,6
581 1993 649 2064 post
668 1988 808 2065 scriptam
828 1985 912 2046 Pauli
931 1984 967 2045 ad
985 1984 1266 2045 Thessalonicenses
1290 1985 1350 2061 epi·
1399 1967 1403 1976 ’

201 2089 308 2149 stulam
324 2093 468 2170 priorem
497 2091 599 2152 itidem
627 2100 777 2154 trecentos
806 2111 907 2154 annos
945 2092 1073 2153 Dubium
1101 2093 1181 2151 enim
1209 2108 1268 2150 non
1297 2099 1352 2171 est,

202 2199 274 2276 quin
297 2196 466 2258 Biondeiius
491 2207 571 2259 recte
596 2202 760 2281 mutaverit*
777 2195 831 2275 ἔτη
855 2196 1025 2275 τριάκοντα
1048 2201 1079 2258 in
1103 2194 1157 2272 ἔτη
1180 2169 1350 2273 τριαιιόὲια.

202 2302 297 2382 Atque
321 2305 409 2364 etiam
433 2306 538 2366 afferre
563 2305 705 2384 quaedam
728 2325 865 2388 possum,
896 2325 970 2386 quae
999 2308 1030 2367 in
1058 2304 1226 2385 philosophi
1254 2302 1352 2364 verbis

201 2407 346 2470 ltdianum
378 2409 467 2471 olent.
516 2410 560 2472 lta
583 2431 610 2491 p.
634 2407 735 2494 55,2
771 2412 860 2474 verba
892 2414 1035 2492 quaedam
1068 2411 1207 2474 Matthaei
1244 2407 1352 2472 ὕθλων

201 2514 376 2591 καπηλικὸν
409 2517 481 2578 dicit
514 2515 719 2597 philosophus:
756 2518 888 2580 lulianus
921 2520 998 2599 apud
1027 2519 1168 2600 Cyrillum
1195 2538 1223 2598 p.
1247 2514 1351 2578 23811

202 2621 385 2684 Christianos
409 2626 565 2706 vituperat,
589 2625 668 2704 quod
692 2643 860 2705 cauponum
883 2628 971 2688 vitam
996 2629 1163 2688 imitentur:
1196 2621 1274 2702 βίαι(
1298 2619 1352 2684 ἀν-

202 2726 343 2806 θρώπων
362 2725 491 2807 ἑτέρων,
511 2729 664 2808 καπήλων
754 2727 922 2808 ἁρμόττειν
945 2729 1068 2813 ᾡήθητε
1088 2735 1201 2809 χρῆναι
1220 2728 1259 2793 τὰ
1278 2725 1353 2806 παρ’

203 2833 285 2913 ὑμῖν.
317 2836 399 2897 ldem
418 2857 446 2917 p.
466 2833 547 2898 39A
569 2839 727 2917 profitetur
749 2835 806 2900 τὰ(
828 2835 928 2899 αἰτία(
947 2836 1088 2900 ἐκθέτθαι
1112 2839 1205 2900 πᾶειν
1229 2833 1352 2912 ἀνθρώ-

203 2962 275 3005 ποιε
294 2940 354 3021 ὑφ’
374 2939 420 3006 ὧν
444 2940 633 3024 ἐπείτθη[ν],
657 2940 706 3005 ὅτι
729 2945 795 3006 τῶν
815 2941 991 3008 Γαλιλαίων
1009 2943 1028 3022 ἡ
1049 2942 1203 3022 εκευωρία
1225 2940 1352 3019 πλάεμα

203 3048 293 3112 ἐετίν.
327 3050 438 3112 Eodem
464 3051 549 3111 modo
573 3051 767 3132 philosophus
790 3073 818 3132 p.
838 3049 890 3132 56,
912 3050 952 3114 10
976 3049 1003 3114 εἰ
1026 3050 1087 3128 γὰρ
1111 3048 1213 3119 ὄντωε
1237 3048 1352 3126 ἀληθὲε

204 3158 300 3219 τοῦτο
323 3155 375 3218 καὶ
398 3157 439 3235 μὴ
459 3155 586 3234 πλάεμα
609 3155 772 3240 τυγχάνεις
796 3179 824 3239 ρ.
844 3156 896 3240 57,
917 3157 958 3220 12
981 3155 1068 3239 ὅθεν,
1090 3155 1134 3220 ὡ(
1158 3157 1222 3232 ἐγὼ
1247 3153 1353 3238 κρίνω,

204 3260 330 3340 πλάεμα
357 3267 413 3340 τῆτ
440 3261 577 3341 ἱετορίαε
600 3263 717 3342 ταύτηε
745 3263 764 3342 ἡ
789 3263 957 3346 ἀφήγηειε;
988 3285 1016 3346 p.
1040 3261 1097 3347 57,
1123 3262 1164 3326 14
1192 3261 1219 3327 εἰ
1243 3258 1271 3324 δ’
1294 3259 1353 3325 οὖν

205 3366 331 3446 πλὰεμα
354 3368 504 3448 τυγχάνει
528 3380 558 3433 et
582 3374 708 3452 saepius.
746 3371 863 3452 Optime
894 3375 981 3433 etiam
1011 3371 1168 3434 exclamari
1191 3378 1354 3451 potuerunt

205 3495 220 3536 a
238 3475 350 3537 Iuliano
368 3497 457 3539 rocos
479 3499 507 3559 p.
523 3475 574 3560 55,
592 3475 632 3540 15
656 3481 720 3555 φεῦ
738 3481 794 3556 τῆ(
813 3475 1029 3541 ἀπαιδενείαε1
1053 3479 1117 3556 φεῦ
1135 3480 1192 3552 τῆς
1215 3478 1352 3554 κωμική(

206 3580 341 3660 πλάνηελ
365 3594 395 3646 et
415 3588 439 3647 si
457 3586 651 3666 philosophus
670 3607 697 3667 p.
713 3583 765 3668 55,
783 3585 820 3648 11
842 3584 868 3647 ὢ
889 3588 999 3664 potior,
1018 3589 1124 3668 inquit,
1148 3583 1174 3646 ὢ
1194 3587 1303 3663 λῆροε,
1325 3582 1352 3646 ὢ

206 3689 309 3764 γέλω(
323 3686 427 3752 ὄντωε
441 3691 563 3755 πλατὺτ
578 3694 759 3773 respondent
772 3693 877 3754 Iuliani
891 3693 980 3754 verba
995 3695 1107 3754 ironice
1122 3693 1199 3754 dicta
1219 3713 1247 3772 p.
1258 3689 1352 3753 2241)
1367 3672 1370 3677 ’

207 3793 233 3856 ὢ
260 3795 394 3873 μέγεθαε
421 3794 547 3875 ἀρετῆελ
583 3797 609 3859 ὢ
638 3797 752 3887 εοφίαε
780 3798 934 3862 πλοῦτοελ
971 3799 1067 3878 Atque
1096 3801 1184 3861 etiarn
1211 3818 1245 3860 ea
1277 3816 1352 3877 quae

206 3923 234 3982 p.
249 3901 301 3986 56,
315 3902 359 3965 20
371 3923 434 3984 sqq.
459 3904 494 3964 de
514 3905 707 3967 barbarorum
731 3909 838 3986 pugnis
862 3907 1011 3986 dicuntur,
1035 3905 1120 3966 lacile
1142 3914 1268 3985 possunt
1287 3923 1352 3966 esse

207 4009 318 4071 lidiani.
355 4011 473 4072 Maximi
496 4022 595 4075 autem
615 4017 756 4074 momenti
775 4013 891 4074 videtur
914 4013 971 4073 hoc
990 4032 1065 4074 esse.
1101 4010 1163 4072 Iam
1185 4011 1353 4091 supradixi

117 4136 120 4142 ¹
206 4119 236 4177 in
268 4117 366 4179 medio
398 4118 475 4180 libro
506 4122 594 4202 tertio
627 4123 787 4182 transitum
819 4122 884 4181 lieri
915 4139 931 4180 a
961 4122 1096 4181 tractatis
1126 4119 1283 4198 evangeliis
1317 4118 1352 4178 ad

207 4225 415 4286 examinandos
439 4226 571 4306 reliquos
589 4230 657 4287 nori
681 4229 850 4289 testamenti
868 4227 968 4288 libros.
1004 4226 1066 4287 lam
1087 4229 1112 4287 si
1131 4225 1353 4286 consideramus

206 4331 339 4410 perditos
362 4351 429 4392 esse
457 4334 587 4412 primum
611 4342 641 4394 et
664 4337 801 4412 quintum
823 4333 943 4394 lllacarii
964 4334 1087 4416 librum,
1115 4331 1237 4394 collecta
1260 4330 1352 4411 philo·

207 4437 292 4517 sophi
312 4440 438 4508 crimina
463 4439 541 4500 idem
565 4441 719 4501 statuenda
749 4449 818 4501 sunt
842 4443 968 4520 spatium
992 4457 1154 4519 occupasse
1182 4448 1270 4517 atque
1294 4439 1352 4498 duo

262 4548 367 4590 Iulianus
382 4549 415 4592 ed.
430 4550 557 4592 Heumann.
1124 4547 1139 4592 2
