3192 4906
254 264 319 328 134
751 266 842 336 Caput
859 267 893 324 Π.

253 432 356 512 verba,
380 451 454 511 quae
479 441 595 493 exstant
618 436 649 493 in
672 432 770 493 Lucae
794 434 944 514 evaugelio
969 434 998 517 6,
1016 433 1058 496 27
1075 454 1132 514 sq.:
1156 431 1301 510 ἀγαπᾶτε
1325 433 1401 496 τοὺ(

253 537 389 615 ἐχθροὺε
412 535 515 616 ὑμῶν,
538 541 643 601 καλῶ(
671 543 793 603 ποιεῖτε
816 543 884 604 τοῖε
907 545 1046 618 μιεοῡειν
1069 540 1162 619 ὑμᾶε,
1190 540 1401 618 προεειίχεεθε

254 644 326 722 περὶ
345 643 592 722 ἐπηρεαζόντων
605 644 692 724 ὑμᾶτ.
724 649 769 709 Ad
784 667 859 728 quae
872 652 1024 729 pertinere
1043 651 1242 729 fragmentum
1256 647 1300 710 40
1317 649 1400 710 lucu·

254 753 351 814 lenter
380 763 515 836 apparet;
543 774 640 834 neque
669 775 757 818 eausa
784 757 857 817 mihi
885 776 950 819 esse
974 757 1100 839 videtur,
1128 765 1161 817 ut
1184 756 1220 818 ab
1245 775 1280 816 eo
1304 757 1402 816 seiun-

254 879 358 940 gamus
386 862 586 941 fragmentum
613 860 665 924 39.
707 862 810 941 Neque
839 866 918 923 enim
947 866 1049 942 negari
1079 871 1178 942 potest
1205 860 1241 924 ἐν
1265 858 1402 923 ἀδικίαι(
1427 935 1432 944 ,

255 963 426 1049 civatem,
453 973 504 1047 qui
532 969 605 1030 alios
629 969 757 1050 oderint,
779 971 942 1052 offendant,
970 979 1177 1051 exsecrentur3
1203 971 1316 1029 nemini
1343 987 1403 1029 non

255 1073 436 1136 videbuntur
458 1095 525 1137 esse
548 1078 728 1153 κακοῦργοι.

728 1255 929 1262 -..--.-.-,-,

679 1399 730 1495 Εα
752 1399 831 1459 libro
854 1399 889 1459 Χ
895 1399 979 1459 VIII.

802 1555 854 1618 22.

345 1681 531 1760 Fragmentis
554 1679 598 1741 44
622 1691 652 1742 et
674 1679 719 1743 45
741 1683 890 1744 indicatur
914 1685 1011 1762 magni
1039 1683 1253 1744 aestimandum
1277 1702 1343 1745 esse
1367 1682 1406 1744 τὸ

258 1784 466 1863 ἐποικτείρειν
493 1787 569 1849 τοὺ(
597 1787 634 1850 ἐν
662 1787 769 1870 ἐνδείᾳ
797 1788 847 1851 καὶ
870 1791 936 1851 τῶν
964 1786 1147 1864 ἀναγκαίων
1176 1786 1301 1866 επάνει,
1334 1793 1407 1869 quin

258 1897 347 1955 etiam
366 1895 497 1970 πρῶτον
515 1894 566 1956 καὶ
585 1891 713 1972 ἀριετον
729 1896 839 1957 dicitur
858 1892 1088 1973 ἀνδραγάθημα
1105 1895 1143 1957 τὸ
1163 1899 1320 1972 διανεῖμαι
1338 1899 1407 1958 τοῖε

259 2001 423 2079 δεομένοιε
446 2000 486 2064 τὰ
505 1999 585 2064 ὄντα
604 2002 654 2064 καὶ
673 2006 938 2080 κατευμεγεθῆεαι
960 2006 1017 2080 τῆ(
1036 2001 1071 2065 ἐκ
1089 2006 1147 2064 τοῦ
1167 2003 1310 2065 πλούτου
1334 2022 1406 2080 τρο-

237 2161 239 2166 .
259 2113 322 2187 φῆ(
337 2110 388 2172 καὶ
403 2113 637 2187 καταεωρεῦεαι
657 2111 780 2186 μᾶλλον
798 2109 834 2172 ἐν
849 2105 1000 2186 οὐρανοί(
1019 2107 1134 2172 ἐλπίδα
1148 2109 1206 2185 τὴν
1220 2109 1408 2187 μέλλουεαν.

261 2217 343 2288 Quae
362 2221 513 2297 pertinere
532 2221 739 2297 uuusquisque
760 2219 902 2278 continuo
921 2221 1064 2298 perspicit
1082 2217 1118 2278 ad
1137 2217 1234 2279 Lucae
1253 2238 1279 2279 ν.
1300 2216 1351 2298 12,
1365 2215 1408 2279 33

260 2323 428 2399 πωλήεατε
452 2321 492 2384 τὰ
514 2321 703 2400 ὑπάρχοντα
725 2320 815 2398 ὑμῶν
837 2322 889 2384 καὶ
913 2320 986 2385 δότε
1006 2322 1234 2400 ἐλεημοεύνην·
1258 2324 1408 2401 ποιήεατε

261 2429 388 2492 ἑαυτοί(
413 2427 587 2508 βαλλάντια
610 2431 650 2508 μὴ
675 2429 906 2506 παλαιούμενα.
942 2430 1031 2491 Libro
1055 2434 1147 2511 igitur
1170 2430 1409 2492 duodevicesimo

261 2539 441 2598 refutaverat
469 2537 595 2617 Cyrillus
623 2537 728 2599 Iuliani
757 2537 860 2620 verba,
893 2557 967 2617 quae
997 2557 1013 2597 a
1040 2538 1146 2600 Photio
1181 2537 1267 2599 uobis
1295 2547 1408 2598 servata

262 2639 403 2726 (Amphil.
433 2652 546 2725 quaest.
572 2639 649 2726 101)
681 2643 738 2704 hoc
771 2642 836 2704 Ιοοο
864 2664 929 2705 esse
957 2645 1093 2724 ponenda
1124 2647 1182 2706 iam
1210 2663 1290 2705 nunc
1322 2663 1409 2705 nemo

260 2753 368 2812 infitias
390 2751 455 2812 ibit.

808 2875 859 2938 23.

352 3002 418 3082 ssyr.
437 3003 475 3081 ig.
495 3000 547 3064 48.
578 3003 675 3063 Etiam
698 3005 729 3062 in
749 3002 842 3062 alteru
860 3001 936 3084 libro
954 3001 1087 3062 lulianus
1106 3000 1289 3064 Christianos
1307 3005 1410 3082 irrisit,

264 3109 344 3190 quod
355 3119 500 3190 martyres
511 3110 652 3190 colerent,
667 3109 695 3170 id
710 3109 789 3188 quod
803 3111 862 3169 iam
875 3110 905 3168 in
916 3111 1013 3186 primo
1024 3109 1148 3188 fecerat3
1163 3108 1200 3169 ei.
1209 3128 1238 3188 p.
1248 3105 1410 3188 335Bsqq.

609 3362 660 3420 Ex
683 3364 810 3421 incertis
837 3360 946 3435 cyrilti
967 3359 1063 3419 libris.

815 3515 867 3578 24.

354 3645 499 3706 Iulianum
523 3647 553 3704 in
577 3643 703 3722 epistula
726 3643 761 3702 ad
782 3642 944 3704 Photiuum
967 3644 1032 3704 data
1057 3637 1199 3724 (LXXIX.
1213 3637 1322 3726 Hertl.)
1346 3662 1412 3723 pro·

267 3753 379 3812 l'essum
399 3769 465 3810 esse
485 3749 593 3811 librum
613 3757 716 3809 contra
730 3749 913 3811 Christianos
932 3769 964 3810 se
984 3753 1166 3829 scripturum
1185 3767 1251 3810 esse
1269 3753 1300 3810 'm
1320 3753 1414 3830 eapite

266 3863 363 3940 primo
386 3860 497 3918 monui.
534 3857 591 3916 Ubi
618 3855 654 3916 εὺ
678 3855 748 3933 μὲν,
777 3859 888 3937 inquit,
918 3853 944 3918 ὦ
971 3856 1125 3933 Φωτεινέ,
1153 3855 1287 3919 πιθανόε
1315 3855 1414 3936 φαίνῃ

237 3977 245 3982 ·
267 3964 318 4027 καὶ
333 3961 507 4039 ἐγγύτατα(
522 3965 579 4024 τοῦ
595 3959 751 4039 curetum,
771 3960 807 4024 εὖ
823 3965 926 4024 ποιῶν
945 3961 981 4024 ἐν
996 3959 1096 4042 μήτρᾳ
1110 3965 1260 4038 μηδαμῶς
1280 3960 1415 4037 εἰεάγειν

268 4073 307 4136 ὃν
326 4069 509 4134 ἐπίττευεατ
527 4068 611 4134 θεόν.
649 4068 819 4147 Διόδωροε
832 4067 866 4132 δ’
885 4068 976 4133 ὁτοῦ
993 4067 1180 4145 Ναζωραίου
1199 4067 1300 4144 μάγο(
1319 4068 1415 4142 αὐτῆς

268 4179 528 4242 καλλωπιττικοῑε
561 4174 737 4254 μαγγάνοιε
769 4174 897 4239 ἀκονῶν
919 4173 1127 4253 ,παραδοξίαν
1159 4173 1232 4240 ὀξὺ(
1269 4173 1415 4260 ἀνεφάνη

269 4285 419 4364 coprem(
443 4281 606 4360 &percuciet
625 4280 785 4360 ἀγροίκου.
823 4284 944 4344 Diodori
964 4293 1062 4344 autem
1081 4285 1245 4345 sententiae
1266 4283 1416 4344 adversari

271 4394 364 4456 voluit
389 4391 529 4454 Iulianus.
566 4391 696 4454 Dubium
718 4394 810 4470 igitur
833 4409 899 4452 esse
923 4391 970 4451 vix
993 4397 1105 4473 potest,
1132 4393 1205 4470 quin
1228 4390 1330 4454 eadem
1353 4390 1416 4452 sere
