3194 4904
597 283 638 338 De
657 283 757 337 Iuliani
775 283 910 338 librorum
929 283 1002 338 fabis.
1309 242 1314 250 Ι
1355 282 1375 344 9

231 448 338 526 ἕτερό(
365 468 412 511 τι(
440 447 476 511 ab
504 451 540 509 iis
564 451 615 528 qui
643 468 659 509 a
687 447 850 510 iustiniano
878 451 951 510 iussi
980 450 1112 509 codicem
1136 458 1376 529 composuerunt.

229 559 261 618 ln
284 560 321 618 iis
345 576 414 618 saue
442 556 526 616 libris
555 574 644 615 manu
668 558 786 634 scriptis
810 555 942 615 codicem
966 554 1174 615 exhibentibus
1198 575 1272 636 quos
1297 576 1376 617 nunc

228 664 415 744 possidemus
444 665 583 743 quoniam
607 662 717 722 Graece
746 661 903 721 exhibetur
930 664 1037 721 omissa
1062 669 1108 721 est
1130 663 1288 723 Theodosii
1316 664 1376 744 lex3

230 770 280 830 sed
309 772 366 830 iam
395 770 510 850 pridem
539 788 574 829 ex
602 769 795 829 Basilicorum
824 768 907 829 libris
940 786 1005 828 eam
1033 787 1087 828 suo
1116 767 1180 829 loco
1210 770 1376 831 intulerunt

229 878 302 937 iuris
321 877 458 938 consulti.
492 877 595 956 Neque
610 894 679 936 vero
694 878 713 935 ii
734 875 875 936 censendi
895 883 964 936 sunt
979 895 1012 937 ea
1026 875 1116 937 verba
1135 879 1306 957 inseruisse,
1325 879 1376 955 qui

230 1003 307 1044 nono
340 984 457 1045 saeculo
491 990 617 1044 exeunte
646 981 840 1042 Rasilicorum
872 982 964 1042 libros
992 991 1232 1063 composuerunt.
1274 983 1376 1062 Neque

230 1095 307 1152 enim
331 1095 510 1153 omittuntur
533 1089 598 1150 illae
622 1107 709 1151 voces
733 1110 748 1150 a
768 1090 925 1150 Theodoro
948 1091 1130 1171 balsamone,
1153 1093 1205 1171 qui
1228 1092 1284 1151 luit
1302 1089 1376 1150 Con-

230 1197 418 1277 stantinopoli
437 1205 564 1258 exeunte
584 1196 702 1257 saeculo
721 1197 910 1277 duodecimo,
934 1206 1029 1258 exstat
1047 1201 1125 1258 enim
1149 1199 1194 1258 lex
1215 1196 1261 1257 illa
1281 1197 1376 1257 Theo-

230 1305 305 1365 dosii
333 1306 420 1366 etiam
454 1306 484 1365 in
517 1303 596 1364 illius
625 1303 891 1364 ecclesiasticarum
925 1306 1170 1365 constitutionum
1204 1304 1376 1364 collectione

230 1432 257 1491 p.
274 1408 358 1472 1233
379 1408 459 1493 (τῶν
479 1408 737 1485 ἐκκληειαετικῶν
757 1408 932 1473 διατάξεων
952 1405 1119 1494 (chloro),
1139 1430 1213 1491 quae
1233 1413 1375 1490 impressa

229 1521 379 1579 invenitur
396 1520 428 1578 in
447 1517 641 1579 bibliothecae
661 1519 737 1579 iuris
752 1520 885 1578 canonici
904 1519 1013 1578 veteris
1030 1536 1119 1596 opera
1134 1517 1271 1578 Guilelmi
1285 1515 1377 1576 voerta

231 1634 260 1687 ct
283 1627 404 1687 Henrici
428 1624 542 1687 lustelli
564 1634 645 1686 tomo
669 1625 761 1686 altero
784 1625 905 1686 Parisiis
925 1644 949 1684 a.
968 1621 1050 1710 1661
1072 1625 1151 1686 edito
1175 1645 1203 1704 p.
1222 1622 1380 1703 i2llsqq.

231 1734 334 1813 Neque
367 1741 535 1794 mutuatum
570 1751 635 1793 esse
668 1732 857 1793 Theodorum
890 1733 1093 1793 Balsamoncm
1128 1731 1206 1793 illam
1238 1732 1333 1811 legem
1364 1750 1380 1790 a

231 1840 423 1901 Basilicorum
448 1838 544 1920 libris,
568 1839 620 1899 sed
642 1839 777 1900 hausisse
802 1859 866 1900 eam
890 1859 925 1900 ex
954 1842 1047 1919 ipsius
1072 1839 1182 1900 codicis
1205 1839 1380 1899 iustinianei

230 1946 398 2027 exemplari,
421 1949 451 2006 in
476 1965 535 2025 quo
559 1949 667 2007 omissa
691 1966 749 2008 non
770 1955 841 2028 erat,
860 1965 914 2026 pro
934 1956 1017 2008 certo
1041 1948 1182 2007 affirmari
1204 1925 1283 2027 licet,
1307 1964 1374 2005 cum

230 2053 318 2114 verba
342 2056 371 2113 in
395 2053 543 2113 Theodori
571 2053 647 2115 libro
679 2054 736 2133 legi
759 2056 921 2134 praemissa
944 2050 1181 2130 Αὐτοκράτορε(
1206 2049 1377 2114 Θεοδόειο(

230 2158 280 2222 καὶ
304 2158 570 2222 Οὐαλεντινιανὸ(
593 2157 768 2233 Αὔγουετοι
791 2157 940 2240 Ὁρμίεδᾳ
965 2158 1096 2241 ἐπάρχῳ
1121 2157 1323 2236 πραιτωρίων
1347 2162 1378 2219 in

230 2267 362 2327 basilicis
381 2286 440 2327 non
464 2267 661 2329 inveniantur.
694 2269 755 2328 lam
775 2287 845 2329 vero
865 2271 1003 2349 quoniam
1024 2268 1141 2329 ostendi
1160 2286 1219 2328 non
1239 2269 1378 2328 saeviisse

230 2375 261 2433 in
289 2372 367 2433 Celsi
399 2373 546 2434 Hieroclis
577 2374 681 2435 iuliani
714 2373 806 2435 libros
838 2374 1037 2436 Theodosium
1071 2378 1294 2456 imperatorem,
1327 2375 1377 2435 sed

229 2488 370 2540 mutatam
394 2499 460 2540 esse
480 2483 545 2544 eius
568 2481 662 2559 legem
687 2482 872 2562 temporibus
891 2482 1047 2543 Iustiniani
1071 2485 1121 2562 qui
1144 2485 1292 2561 octoginta
1316 2483 1378 2542 lere

230 2589 315 2647 annis
337 2595 405 2666 post
428 2587 507 2647 illins
531 2596 656 2648 mortem
680 2589 715 2648 ad
740 2590 890 2667 fastigium
914 2592 1012 2669 regiae
1035 2592 1198 2650 maiestatis
1221 2596 1379 2669 provectus

230 2703 289 2773 est,
320 2701 431 2754 mutata
454 2694 529 2773 legis
554 2695 645 2755 forma
670 2694 744 2777 legis
768 2699 825 2755 vim
849 2696 953 2775 adepta
978 2705 1023 2758 est
1047 2705 1098 2757 aut
1120 2714 1145 2757 a.
1170 2696 1196 2756 d.
1221 2695 1293 2755 llVl.
1318 2694 1378 2754 Kal.

230 2801 294 2860 Mai.
319 2820 342 2860 a.
367 2797 445 2881 529,
471 2819 529 2880 quo
553 2804 636 2881 prior
660 2802 770 2862 codicis
794 2803 901 2883 forma,
925 2811 975 2863 aut
999 2822 1022 2864 a.
1047 2800 1120 2865 534.
1149 2822 1173 2863 a.
1197 2802 1224 2863 d.
1249 2803 1293 2863 IV.
1317 2801 1379 2865 Kal.

230 2907 303 2987 lan,
335 2925 395 2986 quo
423 2908 516 2968 codex
550 2910 691 2987 repetitae
719 2909 927 2988 praelectionis
960 2911 1185 2988 augustissimae
1218 2912 1378 2970 sanctionis

230 3017 379 3094 particeps
404 3015 498 3075 laetus
518 3024 572 3074 est.
605 3014 708 3093 Neque
733 3023 830 3076 tamen
855 3018 917 3076 veri
936 3016 1031 3076 simile
1051 3023 1097 3075 est
1119 3015 1213 3085 abeo
1237 3019 1379 3095 temporis

231 3131 380 3183 momento
395 3120 552 3199 diligenter
562 3130 592 3182 ct
602 3131 738 3182 accurate
754 3125 928 3202 inquisitum
942 3141 1006 3182 esse
1021 3125 1052 3183 in
1063 3121 1245 3183 Christianae
1261 3122 1377 3200 religio-

231 3231 277 3288 nis
295 3231 483 3289 inimicorum
503 3228 603 3289 libros.
635 3228 689 3288 Vix
704 3231 782 3288 enim
798 3231 885 3289 etiam
901 3236 964 3289 tum
983 3248 1058 3308 opus
1078 3229 1170 3289 luisse
1186 3231 1377 3309 inquisitione

232 3354 267 3396 ex
296 3335 497 3414 chrysostomi
530 3334 628 3395 verbis
662 3353 737 3414 quae
771 3354 860 3414 supra
892 3335 1103 3415 adscripsimus
1135 3336 1220 3415 plane
1248 3347 1377 3416 apparet.

231 3443 334 3523 Neque
359 3445 514 3521 quisquam
543 3442 691 3523 putandus
721 3450 765 3503 est
793 3443 1033 3503 animadvertisse
1062 3444 1097 3503 ad
1129 3445 1271 3504 minutam
1299 3443 1377 3504 illam

230 3551 303 3629 legis
327 3552 529 3630 mutationem,
553 3553 682 3629 quaein
706 3549 808 3611 codice
833 3558 877 3611 tot
895 3552 1140 3610 constitutionum
1165 3550 1242 3611 mole
1267 3552 1377 3611 referto

230 3656 441 3717 occultabatur.
479 3657 557 3736 Ergo
577 3658 785 3737 conquerenda
805 3656 889 3717 nobis
909 3665 955 3717 est
974 3665 1140 3736 temporum
1161 3657 1278 3737 invidia,
1302 3676 1377 3737 quae

230 3783 284 3824 nos
308 3765 432 3842 privavit
455 3763 512 3823 illis
535 3762 628 3844 libris,
651 3763 796 3843 equibus
820 3782 887 3824 curn
911 3763 1147 3846 intellegeretur,
1172 3764 1288 3842 qualem
1312 3782 1377 3824 esse

232 3869 466 3930 Christianorum
495 3869 669 3949 religionem
696 3878 850 3949 putassent
878 3870 1058 3952 philosophi,
1087 3874 1174 3931 etiam
1199 3890 1304 3931 causae
1328 3871 1377 3930 de-

231 3976 361 4037 buerunt
385 3980 532 4058 cognosci,
556 3977 664 4056 quibus
683 3981 809 4056 permoti
829 3997 844 4038 a
863 3979 988 4039 deorum
1010 3979 1092 4039 cultu
1112 3998 1170 4038 non
1195 3979 1378 4039 destitissent

231 4082 413 4144 Graecorum
443 4093 472 4144 et
495 4083 696 4144 Romanorum
724 4087 758 4166 ii,
781 4086 833 4163 qui
860 4084 1025 4146 litterarum
1054 4086 1159 4147 studiis
1187 4089 1301 4146 animos
1329 4104 1376 4145 ex-

231 4189 392 4250 coluerant.

321 4297 516 4357 Verissimum
553 4306 651 4358 aulem
686 4317 751 4358 esse
789 4299 906 4359 loannis
940 4299 1141 4380 Chrysostomi
1176 4302 1377 4360 testimonium

232 4402 481 4465 dicentis'libros
506 4404 688 4467 Christianae
717 4405 854 4485 religioni
877 4408 1022 4487 infensos,
1050 4409 1075 4467 si
1104 4407 1179 4467 lorte
1204 4405 1311 4466 alicubi
1335 4408 1377 4465 in-
