3192 4906
247 245 310 308 136
747 242 838 313 caput
856 243 889 297 n.

245 411 340 472 Esdra
368 417 468 472 essent
495 408 685 490 interpolata,
716 408 826 488 ubique
854 409 978 471 dubium
1006 429 1086 492 esse,
1114 419 1216 472 utrum
1238 410 1330 472 Mosis
1357 429 1393 474 an

246 517 357 578 Esdrae
381 516 471 577 verba
493 516 672 596 legerentur.

685 674 688 681 ’
792 656 843 720 27.

335 785 534 864 Hieronymus
557 801 662 843 comm.
685 784 717 842 in
736 782 812 843 Osee
835 782 885 844 lib.
904 783 952 843 ΙΙΙ.
977 803 1038 864 cap.
1058 783 1106 843 xl.
1127 777 1195 866 (vol.
1215 783 1259 843 VI.
1283 803 1311 864 p.
1333 781 1394 845 123

247 890 318 952 Vall.
338 885 397 975 2.):
431 887 529 951 ‘Hunc
554 883 685 973 locum¹)
712 892 743 949 in
767 893 892 970 septimo
921 889 1068 952 volumine
1092 891 1223 951 lulianus
1245 891 1395 970 Augustos

248 999 327 1078 quod
352 998 508 1058 adversum
532 1015 600 1076 nos,
622 995 652 1054 id
676 1003 735 1075 est,
763 994 946 1056 Christianos
970 999 1114 1078 evomuit,
1142 996 1339 1059 calumniatur
1367 1005 1396 1058 et
1435 1014 1437 1016 ·

249 1105 333 1166 dicit:
371 1103 455 1176 Quod
485 1103 521 1164 de
550 1100 640 1162 lsrael
670 1103 814 1180 scriptum
843 1110 901 1181 est,
928 1102 1094 1164 Matthaeus
1122 1097 1333 1185 evangelista²)
1361 1103 1399 1163 ad

250 1209 402 1270 Christum
426 1208 587 1288 transtulit,
610 1216 644 1269 ut
667 1207 848 1286 simphcitati
870 1227 984 1292 eorum,
1007 1211 1058 1288 qui
1082 1209 1117 1270 de
1142 1209 1280 1289 gentibus
1304 1209 1397 1270 credi·

249 1317 363 1397 derant,
386 1309 545 1375 illuderet'

340 1421 435 1500 Supra
459 1423 583 1500 exposrii
606 1421 797 1482 statuendum
821 1439 887 1482 esse
905 1421 1119 1500 Hieronymum
1142 1422 1215 1482 haec
1234 1419 1341 1482 Iuliani
1364 1440 1399 1481 ex

250 1531 376 1608 septimo
405 1529 593 1588 refutationis
622 1527 775 1588 cuiusdam
806 1528 882 1589 libro
915 1537 1029 1607 septem
1059 1529 1143 1589 libris
1171 1527 1323 1588 absolutae
1352 1528 1400 1588 de-

249 1636 440 1715 prompsisse.
483 1633 547 1705 Qua
580 1636 605 1695 si
633 1634 779 1712 singulae¹
798 1637 863 1696 eius
895 1637 1128 1714 vituperationes
1161 1635 1266 1696 eodem
1296 1634 1399 1695 ordine

251 1759 310 1821 quo
339 1742 466 1819 scriptae
498 1749 583 1801 erant
616 1741 754 1824 defensae
783 1749 883 1823 erant,
914 1759 929 1802 e
963 1743 1052 1802 tertio
1080 1741 1157 1802 libro
1188 1742 1330 1803 haustum
1356 1751 1401 1802 est
1519 1729 1522 1736 Α

251 1849 450 1926 fragmentum
474 1847 510 1907 ab
533 1846 713 1928 Hieronymo
736 1847 822 1909 nobis
846 1854 1004 1909 servatum.
1041 1847 1144 1928 Neque
1172 1867 1243 1910 vero
1267 1865 1400 1928 comper·

252 1965 314 2039 tum
329 1954 359 2015 id
373 1952 524 2014 habemus.
549 1953 597 2014 Nil
611 1957 702 2034 igitur
716 1955 849 2037 impedit,
864 1974 900 2015 ne
916 1955 1002 2016 alteri
1016 1955 1102 2037 libro,
1116 1975 1176 2034 quo
1191 1956 1228 2016 de
1244 1954 1400 2035 evangeliis
1482 1999 1485 2005 -

252 2061 408 2141 agebatur,
431 2057 598 2121 tribuamus
620 2061 759 2123 Matthaei
782 2063 1054 2142 reprehensionem.

799 2236 850 2303 28.

340 2363 442 2425 Matth.
462 2360 491 2444 9,
510 2360 530 2424 9
555 2360 606 2424 καλ
624 2359 781 2440 παράγων
801 2361 819 2428 ὁ
843 2359 958 2439 Ἰηεοῡε
984 2363 1106 2428 ἐκεῖθεν
1126 2361 1211 2428 εἶδεν
1230 2360 1402 2440 ἄνθρωπον
1514 2387 1518 2394 ·

255 2469 433 2548 καθήμενον
448 2467 500 2532 ἐπὶ
514 2467 552 2531 τὸ
566 2466 731 2546 τελώνιον,
747 2469 917 2534 Μαθθαῖον
932 2467 1117 2548 λεγόμενον,
1137 2469 1188 2533 καὶ
1202 2469 1290 2546 λέγει
1304 2467 1403 2552 αὐτῷ·

255 2574 424 2640 ἀκολούθει
448 2595 508 2653 μοι.
533 2574 584 2638 καὶ
607 2571 744 2640 ἀναετὰε
767 2574 937 2653 ἠκολούθει
960 2574 1057 2659 αὐτῷ.

344 2684 543 2763 Hieronymus
567 2701 673 2744 comm.
692 2686 723 2745 in
742 2683 843 2746 Matth.
862 2684 914 2745 lib.
933 2685 954 2746 1.
975 2694 1064 2765 caput
1082 2683 1130 2745 Ill.
1149 2679 1227 2768 (voc.
1241 2661 1303 2746 VllJ
1321 2705 1348 2765 p.
1363 2680 1405 2746 50

256 2791 326 2851 Vall.
346 2785 396 2873 2);
424 2791 530 2870 Arguit
552 2793 584 2852 in
611 2791 668 2850 boc
691 2789 756 2851 loco
781 2783 837 2875 (sc.
860 2790 961 2854 Matth.
980 2789 1016 2874 9,
1036 2787 1070 2874 9)
1100 2791 1284 2871 Porphyrius
1307 2800 1338 2854 et
1359 2791 1404 2852 lu·

256 2898 352 2959 lianus
375 2898 526 2976 Augustus
550 2897 596 2958 vel
619 2899 798 2977 imperitiam
825 2897 962 2960 historici
985 2901 1157 2960 mentientis
1180 2897 1226 2958 vel
1250 2897 1403 2959 stultitiam

257 3023 361 3066 eorum
394 3007 446 3084 qui
476 3005 576 3065 statim
608 3005 704 3066 secuti
732 3011 803 3066 sunt
833 3002 1022 3087 salvatorem,
1054 3007 1139 3084 qtrasi
1166 3003 1406 3066 irrationabiliter

258 3110 421 3192 quemlibet
444 3119 596 3172 vocantem
620 3110 771 3172 hominem
794 3112 856 3172 sint
879 3112 982 3172 secuti.

725 3318 833 3386 lertio
856 3317 941 3385 libro

262 3485 370 3528 censeo
395 3469 491 3546 egisse
509 3464 657 3527 lulianum
675 3464 712 3526 de
731 3469 799 3526 novi
823 3469 993 3527 testamenti
1010 3475 1130 3546 praeter
1148 3467 1299 3546 evangelia
1317 3466 1407 3528 libris.

261 3573 373 3634 Eodem
393 3572 480 3633 modo
504 3571 672 3652 philosophi
690 3571 848 3633 Macariani
867 3570 941 3649 περὶ
962 3573 1029 3634 τῶν
1048 3567 1281 3649 ἀπορουμένων
1305 3571 1341 3636 ἐν
1363 3575 1408 3654 τῷ

263 3674 440 3759 εὐαγγελίῳ
469 3678 699 3757 disputationem
732 3678 897 3758 excipiebat
925 3677 1037 3756 ἑτέρα(
1059 3677 1242 3744 ὑποθέεεωε
1270 3675 1353 3757 ἀρχὴ
1376 3677 1412 3742 ἐκ

262 3787 328 3848 τῶν
352 3780 502 3860 πράξεων
525 3782 576 3846 καλ
599 3786 658 3847 rob
681 3779 873 3848 ἀποετόλοο.
911 3786 954 3847 Cf.
977 3787 1083 3848 Macar.
1105 3787 1200 3867 Magn.
1225 3784 1269 3846 ed.
1289 3784 1411 3847 Blondel

263 3912 291 3972 p.
313 3888 411 3972 48,2
435 3901 466 3952 et
483 3889 541 3974 48,
562 3889 611 3953 19.
648 3891 751 3972 Neque
775 3911 845 3953 vero
869 3895 1027 3973 quicquam
1051 3892 1157 3954 loliani
1184 3895 1225 3955 ita
1251 3892 1339 3955 nobis
1367 3901 1411 3954 est
1478 3867 1483 3882 ’

263 4006 427 4081 servatum,
450 4007 484 4060 ut
507 3999 543 4060 de
567 4000 656 4061 tertio
680 4007 784 4060 contra
807 3998 992 4061 Christianos
1014 3999 1090 4060 libro
1114 3999 1323 4080 depromptum
1346 4017 1411 4062 esse

264 4106 449 4168 indicaretur
471 4114 591 4186 praeter
617 4106 815 4185 fragmentum
843 4106 915 4168 illud
939 4124 954 4166 a
979 4105 1102 4168 Socrate
1125 4105 1153 4166 h.
1173 4123 1198 4166 e.
1221 4102 1324 4168 11123
1346 4105 1411 4166 alla·

339 4279 364 4349 1)
384 4277 453 4335 Osee
472 4277 511 4334 XI
532 4284 559 4334 1:
578 4293 613 4332 ex
631 4276 761 4348 Aegypto
780 4277 880 4334 vocavi
897 4276 987 4338 filium
1005 4243 1106 4338 meum.

301 4379 304 4385 ·
337 4370 364 4440 2)
383 4369 483 4426 Matth.
503 4367 529 4422 Π
549 4371 589 4422 15.
