3194 4904
242 340 263 400 4
755 343 845 414 Caput
863 346 883 400 l.
910 387 911 390 ,

240 503 306 564 locu
325 505 353 565 id
374 506 459 567 nobis
478 525 537 567 non
557 505 720 569 curandum
740 516 794 590 est,
813 510 891 589 quod
911 510 1038 570 coniecit
1057 508 1182 588 Cyrillus
1201 518 1300 570 rectae
1319 511 1388 571 tidei

241 612 380 674 defensor
403 614 439 674 de
464 613 578 675 diabolo
598 615 703 676 Iuliani
725 617 901 678 deiectionis
923 625 1043 678 auctore
1067 635 1164 696 neque
1183 617 1388 699 dubitandum,

241 722 312 799 quin
327 720 425 782 verbis
438 719 497 784 τὸν
511 719 614 796 ἁγίαις
634 720 806 798 ἐκκληςίαῐ(
824 721 875 784 καὶ
894 720 1112 799 μοναετηρίοιε
1132 721 1386 801 ἐντεθραμμένον

240 829 388 888 rhetorice
413 829 499 889 dictis
522 829 596 889 nihil
619 831 783 910 significare
808 830 947 911 voluerit,
970 833 1028 890 nisi
1053 830 1198 892 lulianum
1221 830 1386 892 Christiana
1468 812 1478 833 ⁸

188 921 191 927 ’
239 935 425 996 institutione
453 954 541 996 nsum
570 955 644 996 esse.
687 936 767 1008 Quae
796 939 822 997 si
850 939 1021 1018 statuimus,
1049 940 1106 997 iam
1135 956 1214 998 nunc
1243 947 1324 1000 recte
1354 959 1384 1000 se

238 1040 348 1103 habent
362 1045 473 1105 omnia:
488 1043 579 1103 luisse
591 1041 738 1103 lulianum
753 1051 911 1123 antequam
926 1062 1026 1104 rerum
1042 1047 1189 1123 potiretur
1204 1045 1384 1106 1601111666-

238 1167 344 1209 norum
369 1168 509 1230 numero,
533 1151 649 1210 assidue
673 1149 821 1211 lectitasse
841 1169 923 1211 sacra
942 1169 1046 1212 eorum
1070 1154 1189 1233 scripta,
1212 1155 1384 1232 concepisse

238 1258 346 1316 veteris
369 1256 523 1336 religionis
541 1275 672 1318 amorem
691 1258 863 1319 auctoribus
886 1257 1069 1338 philosophis
1093 1266 1212 1320 renatae
1232 1258 1383 1320 doctrinae

239 1361 404 1424 Platonicae
425 1362 553 1424 asseclis.
591 1363 672 1434 Quae
692 1383 760 1424 cum
783 1367 823 1424 ita
847 1367 920 1446 sint,
943 1364 1091 1425 nonlicet
1113 1368 1266 1444 aspernari
1285 1365 1384 1445 Cyrilli

237 1470 273 1530 de
306 1469 452 1550 baptismo
482 1469 585 1531 luliani
617 1473 828 1532 testimonium.
870 1471 955 1542 Quod
989 1475 1015 1532 si
1043 1491 1078 1532 ex
1106 1472 1204 1552 aliquo
1237 1475 1382 1552 scriptore

236 1576 335 1638 hausit
354 1595 434 1637 nunc
453 1576 620 1658 deperdito,
639 1581 747 1656 gratias
767 1581 795 1638 ei
814 1597 935 1657 agemus
955 1578 1033 1658 quod
1053 1579 1134 1640 solus
1153 1579 1238 1639 nobis
1258 1582 1383 1640 servavit

235 1683 324 1744 huius
347 1685 392 1744 rei
415 1685 563 1764 notitiam3
591 1686 637 1743 sin
661 1692 772 1766 autem,
795 1684 824 1744 id
849 1684 927 1765 quod
952 1688 1014 1745 veri
1038 1684 1162 1746 similius
1186 1694 1246 1768 est,
1270 1689 1381 1767 scripto

235 1789 311 1851 libro
335 1809 395 1850 uon
418 1789 548 1850 adhibito
572 1790 651 1869 quod
680 1793 821 1852 memoria
849 1790 968 1852 tenebat
995 1791 1103 1853 litteris
1126 1793 1271 1874 condidit,
1300 1793 1380 1854 colli-

235 1896 363 1975 gendum
391 1899 459 1958 inde
484 1901 542 1960 erit
564 1917 624 1958 uon
651 1898 801 1960 dubitasse
826 1917 877 1959 eos
905 1901 956 1979 qui
985 1909 1057 1960 tunc
1086 1899 1208 1959 luerunt
1236 1899 1381 1982 homines,

235 2005 306 2083 quin
330 2003 475 2083 baptismo
499 2007 529 2065 iu
549 2004 782 2066 Christianorum
803 2023 961 2065 numerum
985 2014 1124 2086 receptus
1144 2014 1223 2066 esset
1242 2006 1381 2089 lulianus,

234 2129 332 2191 neque
356 2114 513 2191 quisquam
540 2111 697 2172 mirabitur
720 2113 881 2190 scriptores
909 2111 983 2172 nihil
1006 2091 1046 2172 de‘
1066 2131 1100 2173 ea
1124 2131 1156 2172 16
1184 2113 1292 2174 litteris
1314 2133 1382 2193 pro-

234 2217 343 2278 didisse
368 2237 442 2297 quae
467 2217 681 2280 dubitationem
704 2238 764 2279 non
792 2218 923 2279 haberet.
944 2240 945 2244 ¹
966 2219 1068 2299 Neque
1098 2218 1313 2299 neglegendum
1338 2230 1383 2281 est

234 2323 335 2402 Cyrilli
357 2323 455 2385 locum
479 2323 594 2404 dequo
616 2327 730 2403 egimus
749 2343 814 2384 esse
838 2328 869 2385 in
889 2325 1097 2386 acclamatione
1117 2325 1151 2386 ad
1171 2329 1381 2405 imperatorem

233 2429 441 2492 Theodosium.
478 2431 581 2510 Neque
601 2433 699 2491 minus
719 2449 806 2510 quam
826 2430 929 2510 Cyrilli
948 2430 1035 2491 verba
1060 2431 1191 2492 sabulosa
1215 2433 1251 2492 dc
1268 2433 1381 2493 luliano

233 2539 363 2597 narratio
392 2538 511 2617 Syriaca
540 2540 651 2616 scripta
683 2536 719 2598 de
751 2539 845 2616 ipsius
878 2537 1022 2616 baptismo
1051 2540 1198 2599 neminem
1228 2518 1379 2600 dubitasse

234 2645 396 2705 confirmat.
429 2645 471 2705 De
491 2663 549 2725 quo
569 2644 677 2727 libello,
697 2647 747 2725 qui
765 2647 915 2706 invenitur
934 2648 964 2705 in
984 2645 1086 2706 codice
1107 2649 1203 2707 musei
1218 2647 1380 2734 Britannici

232 2751 316 2812 Rich.
341 2749 427 2814 7192
452 2771 527 2813 saec.
551 2752 609 2813 VII.
642 2771 738 2832 nuper
766 2755 826 2832 egit
853 2753 1029 2814 Theodorus
1057 2751 1205 2814 Noeldelre
1243 2756 1274 2814 in
1307 2757 1380 2815 actis

232 2858 382 2920 societatis
406 2859 597 2920 Germanicae
621 2858 780 2920 Orientalis
804 2859 858 2921 vol.
877 2859 1005 2920 XXVlll.
1029 2879 1053 2920 a.
1075 2857 1161 2921 1874
1183 2879 1211 2939 p.
1232 2857 1297 2921 660
1312 2879 1375 2941 sqq.

231 2964 288 3024 Ubi
311 2965 384 3026 haec
407 2967 600 3027 inveniuntur
624 2984 640 3025 a
661 2965 823 3026 Noeldehio
847 2965 1020 3026 Germanice
1045 2965 1174 3027 reddita:
1201 2986 1229 3046 p.
1254 2964 1318 3029 668
1342 2968 1379 3028 da

231 3080 312 3151 sagte
337 3091 370 3132 er
394 3065 450 3155 (sc.
474 3073 528 3133 der
546 3067 653 3155 Engel)
677 3072 738 3132 ihm
762 3066 816 3154 (sc.
841 3071 908 3133 dem
927 3065 1090 3151 Heihgenlz
1114 3072 1162 3132 ich
1185 3073 1294 3133 wische
1319 3073 1380 3133 ihm

231 3172 287 3260 (sc.
310 3180 377 3240 dem
396 3174 508 3262 Julian)
532 3179 584 3240 das
607 3179 713 3258 heilige
734 3179 935 3240 Christentum
960 3179 1009 3261 ab,
1032 3181 1086 3240 mit
1105 3178 1172 3239 dem
1192 3197 1225 3239 er
1249 3198 1301 3266 aus
1325 3179 1378 3240 der

230 3285 322 3346 Taule
341 3286 396 3347 her
415 3287 564 3348 beldeidet
582 3305 655 3366 war3
675 3306 703 3365 p.
719 3284 784 3347 670
804 3287 904 3347 161661
923 3296 1004 3366 sagte
1025 3285 1078 3346 der
1092 3283 1380 3367 Philosoph'Theon,
1414 3303 1420 3316 ·

230 3392 284 3452 der
312 3391 370 3452 den
393 3392 492 3453 Julian
521 3412 573 3453 aus
602 3392 655 3453 der
678 3391 771 3452 'Paule
799 3391 934 3471 gchoben
963 3393 1056 3472 hatte3
1085 3409 1113 3468 p.
1138 3387 1202 3452 670
1232 3390 1274 3452 616
1297 3395 1380 3452 611166

231 3498 325 3578 Tages
349 3546 355 3558 .
376 3546 382 3558 .
402 3547 409 3558 .
429 3547 435 3558 .
459 3498 513 3559 der
531 3498 692 3577 Philosoph
711 3497 815 3558 Theon
838 3498 1021 3558 1661161166
1045 3497 1164 3575 sprach:
1189 3545 1221 3558 ..
1242 3545 1248 3557 .
1269 3545 1276 3559 .
1303 3498 1377 3578 Sage

231 3605 288 3663 mir
311 3603 383 3685 also,
406 3622 494 3664 wenn
518 3652 524 3665 .
545 3651 551 3664 .
572 3653 578 3664 .
603 3603 765 3664 (16Κ61661
788 3605 880 3684 wirst,
899 3621 959 3662 was
978 3601 1062 3664 thust
1080 3602 1119 3663 du
1139 3602 1217 3665 dann
1236 3608 1302 3686 mir,
1325 3605 1378 3665 der

230 3711 278 3771 ich
302 3710 371 3771 dich
394 3729 447 3774 aus
471 3711 539 3771 dem
561 3711 748 3771 Taulwasser
776 3708 912 3789 gehoben
936 3712 996 3771 und
1025 3711 1072 3771 dir
1095 3710 1240 3771 Weisheit
1263 3711 1378 3790 gelebrt

230 3815 327 3898 habe?
359 3818 440 3889 Quae
465 3836 643 3898 quamquam
666 3821 697 3878 in
719 3817 850 3878 lahulosa
873 3819 1042 3878 narratione
1066 3820 1271 3900 inveniuntur,
1293 3819 1375 3879 lucu-

229 3924 325 3985 lenter
353 3932 451 3986 tamen
479 3925 654 4005 ostendunt,
684 3933 759 4005 quac
783 3925 819 3985 de
843 3922 948 3984 Iuliani
975 3924 1120 4004 baptismo
1149 3927 1298 3986 senserint
1326 3927 1377 4004 qui

230 4049 305 4092 6666.
325 4031 370 4092 Vl.
406 4032 528 4092 luerunt
558 4031 702 4092 homines.
749 4028 784 4091 Ei
817 4033 895 4092 enim
928 4035 1056 4110 tempori
1090 4031 1278 4092 tribuendam
1311 4051 1376 4093 esse

229 4141 429 4200 narrationem
452 4137 587 4218 probavit
609 4137 789 4198 Noeldehius
807 4137 825 4198 l.
844 4137 863 4198 l.
900 4138 981 4209 Quae
1006 4157 1074 4199 cum
1097 4141 1137 4199 ita
1161 4139 1234 4218 sint,
1257 4158 1376 4200 causam

229 4263 294 4305 esse
318 4264 404 4326 nego,
427 4264 482 4307 cur
506 4249 702 4307 assentiamur
721 4245 856 4306 Mueclrio
881 4253 931 4306 aut
949 4245 1052 4306 Rodio.
1089 4244 1192 4325 Neque
1216 4264 1286 4305 vero
1307 4265 1374 4307 con-

229 4352 355 4412 fidenter
377 4355 571 4432 pronuntiare
600 4352 703 4413 dubito
727 4352 872 4413 lulianum
896 4351 1033 4431 baptismi
1061 4354 1236 4432 participem
1265 4352 1374 4414 lactum

134 4454 136 4457 ’
228 4479 303 4536 6666,
328 4479 394 4520 6616
415 4459 536 4520 Adultus
556 4458 689 4520 Harnach
714 4461 844 4520 animum
869 4477 966 4520 meum
991 4459 1166 4518 advertisset
1189 4458 1223 4518 ad
1245 4458 1375 4519 Socratis
