3192 4906
526 313 530 323 ·
549 281 591 338 De
611 281 711 338 Iuliani
730 283 864 338 librorum
883 281 957 338 faiis.
1236 357 1238 362 Δ
1288 283 1329 346 ’19

180 461 255 534 tato;
275 455 344 533 quia
358 463 389 514 et
406 454 642 532 uniuscuiusque
657 462 703 513 est
721 460 806 532 pater
820 459 851 512 et
869 460 959 531 caput
976 459 1006 513 et
1020 453 1136 531 genitor
1154 454 1185 512 in
1200 471 1235 512 eo
1250 453 1329 532 quod

183 569 300 622 creator
323 561 529 641 cognoscitur,
556 570 586 621 et
613 562 639 620 is
662 561 714 639 qui
737 559 822 620 nohis
846 559 895 620 dat
923 561 1066 619 vitamet
1089 559 1169 620 addit
1197 559 1233 620 ad
1256 560 1328 620 haec

181 670 269 730 etiam
300 686 384 747 spem
411 667 486 728 bene
516 665 640 728 vivendi.
683 666 806 746 Separat
832 669 924 746 igitur
952 685 1017 748 eos,
1050 669 1101 746 qui
1128 666 1174 726 vel
1201 669 1330 746 proximi

180 783 259 857 sunt,
278 791 361 836 amor
375 793 445 854 erga
463 773 565 855 doum,
585 775 611 835 si
629 774 660 834 hi
674 772 777 834 volunt
795 792 844 834 res
863 775 957 854 ipsius
971 775 1112 855 cogitare,
1126 773 1169 833 illi
1188 773 1329 834 recedere

179 881 214 958 ab
234 884 271 943 iis
291 900 366 961 quae
386 881 470 943 utilia
489 889 559 942 sunt
578 890 608 942 et
627 881 708 942 abire
727 882 759 942 in
778 881 891 940 lorcam
910 880 1093 960 perditionis.
1127 880 1229 959 Neque
1249 884 1329 942 eoiin

179 989 265 1050 decet
289 991 438 1069 sapientes
457 989 617 1050 adhaerere
641 987 778 1069 indoctis,
802 987 854 1048 sed
877 1005 1018 1067 perversa
1041 995 1173 1048 amantes
1196 987 1254 1048 illis
1278 990 1330 1067 qui
1368 1055 1370 1058 ,

179 1115 213 1156 ea
242 1114 318 1175 quac
345 1098 447 1156 iurant
474 1097 605 1174 cogitare
634 1097 745 1156 assueti
777 1103 855 1155 sunt.
903 1095 935 1154 Si
965 1103 1064 1155 autem
1095 1093 1178 1155 iubet
1209 1095 1329 1174 quidem

180 1201 317 1263 Christus
340 1210 442 1262 tenere
466 1204 497 1261 in
521 1203 668 1281 aequitate
692 1203 819 1262 animam
842 1220 893 1262 eos
917 1203 969 1280 qui
992 1220 1046 1262 sua
1064 1203 1193 1281 cogitare
1217 1201 1328 1284 volunt,

94 1391 96 1394 .
179 1317 209 1370 et
233 1311 259 1370 si
281 1308 417 1369 nonnulli
439 1316 543 1388 postea
565 1326 624 1368 non
648 1311 769 1368 omniuo
788 1311 868 1369 cauti
891 1317 961 1369 sunt
982 1307 1037 1368 hac
1060 1310 1092 1370 in
1114 1327 1148 1369 rc
1167 1317 1197 1370 et
1219 1311 1250 1370 in
1273 1308 1327 1372 hu-

179 1432 296 1475 manam
319 1413 454 1475 incidunt
476 1414 756 1496 pusillanimitatem,
779 1415 849 1494 quid
873 1415 929 1476 hoc
949 1416 1095 1478 obtrectat
1117 1415 1233 1496 legibus
1256 1416 1327 1478 divi·

176 1523 223 1582 nis
242 1529 294 1583 aut
317 1523 466 1582 imminuit
485 1521 609 1600 gloriam
631 1519 831 1601 legislatoris?
862 1522 891 1583 ls
914 1525 995 1584 enim
1018 1524 1087 1586 tulit
1109 1522 1218 1606 legem,
1241 1526 1328 1586 ouius

177 1628 323 1708 perfectio
347 1629 428 1690 utilis
451 1637 511 1710 est3
541 1631 593 1707 qui
615 1639 715 1690 autern
739 1640 870 1710 cessant,
893 1629 944 1690 ubi
967 1630 1147 1709 perficienda
1171 1639 1248 1712 erat,
1271 1630 1327 1693 sub

177 1737 425 1816 vituperationem
444 1745 474 1798 et
492 1738 606 1797 crimen
625 1744 704 1819 sunt,
722 1739 839 1797 etiamsi
857 1737 1090 1816 pusillanimitati
1111 1737 1257 1798 humanae
1276 1738 1326 1799 ob-

81 1837 83 1840 ’
178 1844 259 1902 noxii
282 1852 361 1924 sunt,
384 1850 415 1903 et
437 1861 475 1904 ne
495 1862 587 1904 unum
607 1843 728 1922 quidem
746 1842 869 1902 verbum
892 1845 1077 1903 remissionis
1094 1846 1257 1906 inveniunt.
1296 1845 1328 1906 Si

178 1957 277 2010 autem
296 1957 327 2010 et
345 1949 479 2012 nonnulli
497 1951 643 2012 recedunt
661 1969 677 2010 a
696 1953 819 2010 veritate
839 1959 869 2010 et
892 1949 1009 2010 vincula
1025 1952 1107 2030 pacis
1131 1951 1280 2012 dissecant
1298 1962 1327 2012 ot

178 2055 364 2118 descendunt
382 2065 412 2118 et
426 2057 535 2118 abeunt
551 2057 602 2118 ubi
621 2076 679 2118 non
694 2057 780 2138 bene,
798 2076 836 2118 ne
851 2056 1049 2136 legislatorem
1064 2057 1328 2139 reprehendamus,

178 2165 268 2224 immo
297 2163 363 2224 illos
391 2167 486 2247 ipsos,
521 2167 546 2225 si
578 2164 641 2225 vult
668 2164 818 2225 hominem
846 2166 1009 2243 sapientem
1042 2181 1109 2223 esse
1137 2172 1167 2225 et
1198 2165 1327 2226 iudicem

178 2270 395 2348 praestabilem.
432 2270 506 2332 Esse
526 2281 625 2342 autom
644 2272 782 2351 pacificos
800 2274 832 2332 in
852 2271 1044 2332 similitudine
1064 2268 1188 2354 Christi,
1215 2291 1328 2355 omnes,

179 2376 288 2457 quibus
311 2377 348 2438 ab
372 2397 407 2439 eo
429 2381 567 2458 imposita
589 2386 653 2440 erat
675 2396 793 2459 manus,
817 2378 957 2439 diaconos
979 2377 1233 2458 praedicationum
1255 2378 1329 2440 divi·

178 2502 300 2566 narum,
322 2485 522 2564 pulcherrime
546 2485 677 2546 ostendit
699 2486 809 2547 Paulus
838 2485 935 2546 divina
959 2485 1097 2566 loquens,
1125 2484 1196 2546 dum
1224 2484 1328 2546 scribit

109 2630 114 2636 -
178 2583 438 2676 (11,o0r.5,20):
466 2587 541 2666 ‘Pro
565 2591 683 2653 Christo
712 2611 783 2672 ergo
810 2592 957 2672 legatione
985 2592 1150 2672 fungimur,
1178 2600 1326 2671 tamquam

180 2697 236 2758 deo
260 2698 434 2760 exhortante
463 2717 518 2778 per
541 2717 610 2780 nos,
637 2697 829 2759 obsecramus
856 2716 911 2778 pro
936 2696 1067 2758 Christo:
1095 2698 1328 2760 reconciliamini

179 2800 256 2866 deo'
289 2805 526 2867 Reconciliamur
545 2801 645 2867 autem
660 2805 716 2866 deo
738 2805 975 2883 adhaerescendo
998 2803 1115 2884 legibus
1133 2807 1198 2865 eius
1222 2805 1327 2865 divinis

179 2919 209 2971 ct
226 2911 412 2972 adhaerendo
426 2930 480 2991 por
499 2913 770 2992 sanctificationem,
790 2910 953 2994 abiciendo,
973 2921 1006 2971 ut
1024 2928 1103 2970 nunc
1118 2910 1187 2992 dixi,
1205 2919 1327 2989 peccato

179 3017 259 3096 quod
282 3018 352 3080 lacit
375 3020 608 3098 perversitatem.
643 3016 835 3080 Vocabuntur
858 3025 965 3079 autem¹
980 3017 1032 3077 lilii
1051 3015 1099 3076 dei
1122 3018 1287 3077 rectissime
1307 3019 1327 3076 ii

178 3125 237 3202 qui
253 3124 403 3186 adducunt
421 3128 449 3186 ei
472 3144 536 3207 eoa,
560 3127 612 3204 qui
630 3127 737 3186 remoti
756 3135 840 3186 crant
859 3142 987 3203 eramque
1006 3121 1180 3202 ignorabant
1200 3130 1229 3183 et
1248 3122 1327 3202 quod

114 3223 117 3234 '
178 3233 207 3290 ei
228 3230 326 3310 placet
349 3249 446 3310 neque
470 3234 600 3310 cogitare
625 3250 722 3311 neque
746 3233 843 3293 facere
867 3229 1012 3291 volebant.

725 3423 776 3488 34.

268 3550 419 3613 Christum
437 3553 527 3613 etiam
545 3554 581 3612 iis
601 3553 652 3631 qui
671 3554 836 3612 incarcere
852 3560 937 3614 erant
954 3551 1149 3631 praedicasse.
1182 3551 1211 3612 S.
1226 3551 1327 3632 Cyrilli

178 3677 215 3718 ex
238 3657 314 3719 dhre
337 3656 410 3718 XVl.
434 3659 575 3719 adversus
599 3658 752 3721 lulianum.

268 3764 343 3826 Cum
365 3765 443 3827 dlius
466 3765 594 3826 hominis
613 3774 694 3826 esset
716 3765 840 3828 verbum
858 3768 1045 3846 unigenitum
1064 3765 1117 3827 Dei
1140 3776 1170 3828 ct
1193 3769 1223 3828 io
1247 3775 1328 3828 terra

178 3876 209 3934 in
228 3873 323 3934 torma
342 3879 443 3934 nostra
462 3881 629 3958 appareret,
651 3889 712 3934 non
730 3877 767 3935 iis
786 3883 911 3956 tantum,
934 3877 985 3954 qui
1005 3883 1068 3935 turn
1084 3875 1231 3952 'temporis
1250 3876 1327 3934 rixe-

178 3986 263 4061 runt,
295 3980 471 4042 condonavit
498 3982 704 4041 remissionem
732 3990 935 4062 peccatorum,
967 3980 1019 4041 sed
1048 3996 1146 4041 amore
1174 3981 1328 4060 praeditus

179 4089 297 4166 generis
316 4086 438 4148 humani
456 4089 610 4170 immenso,
634 4087 758 4148 eandem
781 4091 904 4166 gratiam
924 4089 1012 4148 etiam
1036 4087 1191 4168 spiritibus
1213 4089 1245 4148 in
1264 4107 1328 4148 car·

179 4213 248 4254 cere
267 4192 394 4255 donarit.
426 4194 611 4276 Praedicarit
629 4197 708 4256 enim
727 4197 814 4255 etiam
833 4195 891 4255 illis
905 4203 935 4254 ct
950 4197 1066 4274 aperuit
1082 4202 1184 4274 portas
1199 4196 1329 4254 carceris

179 4300 238 4361 illis
262 4302 313 4380 qui
337 4308 422 4361 erant
444 4303 476 4361 in
499 4300 641 4362 tenebris
657 4371 662 4380 Ι
678 4300 750 4362 Erat
773 4303 853 4362 enim
876 4301 1012 4362 Christus
1035 4300 1173 4361 dominus
1197 4308 1227 4360 et
1250 4319 1327 4361 mor·
1397 4303 1399 4306 ’

179 4415 300 4469 tuorum
320 4416 351 4468 et
369 4409 531 4468 viventium
550 4416 580 4468 et
598 4407 719 4474 salvavit
736 4427 790 4488 per
809 4408 898 4469 tidem
916 4408 970 4468 hos
990 4417 1019 4468 et
1041 4407 1115 4467 illos.
1151 4406 1216 4478 Quo
1236 4408 1328 4484 igitur
1354 4482 1357 4487 ,
