3194 4904
578 333 620 388 De
638 333 741 389 Iuliani
759 333 894 388 librorum
913 331 986 386 fatis.
1313 330 1354 393 33

206 507 306 560 mento
337 500 433 579 primo
464 501 648 583 praemissis,
679 519 753 579 quae
785 518 875 579 supra
905 499 1096 577 exposuimus
1127 499 1167 557 ita
1200 497 1355 556 scribenda

207 625 285 668 esse:
309 604 483 683 Θεοδώρου
504 605 728 684 Μοψουεςτίας
750 605 869 668 ἐκτῶν
887 604 967 681 πρὸς
985 602 1042 665 τὰς
1061 599 1141 665 κατὰ
1161 602 1356 680 Χριετιαντῦν

206 709 396 789 κατηγορία(
419 707 593 776 Ἰουλιανοῦ
615 715 674 775 τοῦ
697 709 894 790 παραβάτου.
939 711 999 771 lam
1027 730 1098 772 vero
1122 719 1357 772 consentaneum

206 827 252 881 est
281 819 471 881 Theodorum
500 820 620 881 Diodori
653 820 831 900 discipulum
860 819 965 880 loliani
998 820 1142 897 impetum
1175 820 1355 898 repressisse

206 929 340 1007 opposita
375 911 491 988 scholae
520 927 719 988 Antiochense
753 926 895 987 doctrina.
938 925 1020 996 Quae
1050 924 1170 1004 quidem
1198 925 1254 986 luit
1283 924 1356 1005 talis,

166 1089 170 1096 .
206 1043 240 1095 ut
258 1052 323 1095 eam
347 1037 372 1094 si
392 1032 572 1113 sequebatur
591 1014 775 1116 Theodorus,
799 1051 857 1094 non
877 1034 975 1092 omnia
995 1051 1070 1111 quae
1092 1032 1206 1093 dixerat
1224 1032 1355 1092 lulianus

206 1147 394 1224 impugnare,
418 1144 507 1202 immo
527 1141 667 1202 nonnulla
690 1160 749 1202 non
773 1147 875 1220 posset
897 1159 956 1200 non
975 1138 1177 1218 comprobare.
1215 1138 1356 1199 Discessit

207 1251 284 1308 enim
319 1248 355 1308 ab
388 1267 422 1309 ea
456 1267 530 1328 quae
563 1248 612 1308 illo
645 1256 779 1328 tempore
810 1247 846 1307 ah
879 1246 1017 1307 omnihus
1049 1246 1112 1305 lere
1145 1254 1264 1324 recepta
1293 1254 1356 1305 erat

206 1353 353 1436 doctrina,
381 1373 449 1415 cum
472 1357 503 1415 in
532 1357 641 1416 veteris
664 1356 834 1416 testamenti
865 1355 984 1433 scriptis
1008 1359 1130 1430 negaret
1153 1351 1266 1413 dictum
1290 1334 1355 1413 esse

207 1461 243 1523 de
272 1461 390 1523 Christo
423 1462 470 1523 dei
497 1465 590 1542 patris
623 1462 691 1523 lilio.
736 1461 808 1522 liam
837 1470 935 1522 autem
963 1460 1055 1521 luisse
1079 1461 1144 1520 eius
1174 1461 1353 1520 sententiam

208 1569 391 1648 intellegitur
411 1588 445 1630 ex
465 1571 676 1629 commentario
696 1571 726 1629 in
746 1568 831 1630 Zaeh.
846 1566 859 1626 l
876 1564 981 1628 7-11
1004 1565 1167 1644 (Theodori
1181 1566 1357 1627 Antiocheni

206 1675 403 1754 Mopsuestiac
419 1677 550 1769 episcopi
570 1693 644 1754 quae
660 1684 822 1754 supersunt
841 1676 937 1734 omnia
958 1673 1002 1734 ed.
1018 1673 1049 1733 Α.
1064 1672 1095 1733 F.
1111 1671 1142 1732 V,
1161 1669 1352 1752 aWegneru.

206 1757 260 1841 vol.
276 1782 297 1842 l.
312 1802 339 1861 p.
355 1780 444 1864 538),
463 1782 516 1843 uhi
529 1784 722 1843 inveniuntur
735 1783 821 1843 haec:
840 1781 971 1857 Πολλῆς
986 1779 1021 1842 δὲ
1037 1775 1161 1854 πλάνης
1175 1777 1227 1840 καὶ
1242 1775 1354 1841 ἀνοίας

206 1884 269 1948 ἐςτὶ
298 1887 412 1964 μεετὸν
440 1887 491 1950 καὶ
519 1886 595 1950 οὐδὲ
623 1884 766 1965 ἀςεβείας
795 1884 933 1965 ἀφεςτὸς
956 1884 994 1948 τὸ
1023 1882 1110 1962 παρά
1138 1902 1237 1947 τινων
1265 1883 1357 1960 λεγό-

206 2013 317 2072 μενον,
347 1991 395 2056 ὅτι
423 1995 483 2057 τὸν
511 1993 581 2057 υἱὸν
609 1993 695 2072 ἑώρα
720 1988 775 2078 (so.
800 1987 971 2078 Zacharias)
994 1994 1052 2055 τοῦ
1077 1993 1167 2067 θεοῦ,
1197 1993 1296 2070 δήλου
1320 2012 1356 2068 γε

206 2097 310 2177 ὄντος,
334 2098 383 2163 ὅτι
403 2103 470 2164 τῶν
489 2101 551 2178 πρὸ
570 2104 626 2178 τῆς
649 2103 708 2163 τοῦ
728 2097 885 2162 δεςπότου
906 2098 1038 2176 Χριςτοῦ
1058 2097 1233 2175 παρουςίας
1252 2097 1358 2162 οὐδεὶς

206 2204 359 2282 ἠπίςτατο
387 2208 509 2285 πατέρα
533 2207 584 2270 καὶ
612 2205 696 2288 υἱὸν,
719 2205 759 2269 οὐ
783 2205 906 2283 πατέρα
929 2205 1006 2269 θεὸν
1029 2203 1100 2268 υἱοῦ
1125 2208 1201 2269 θεοῦ
1225 2205 1373 2284 πατέρα·

207 2312 268 2392 οὐχ
287 2311 358 2377 υἱὸν
375 2315 451 2378 θεὸν
466 2313 537 2377 υἱὸν
551 2313 673 2391 πατρὸς
693 2316 768 2377 θεοῦ
793 2315 889 2376 τοῦτο
910 2309 990 2375 ὄντα
1009 2309 1089 2390 ὅπερ
1109 2310 1225 2376 έςτὶνὸ
1244 2314 1357 2392 πατὴρ,

206 2419 262 2485 ἅτε
295 2421 345 2484 καὶ
374 2419 453 2486 ὄντα
481 2421 514 2486 ἐξ
543 2419 651 2484 αὐτοῦ.
694 2422 733 2481 lit
754 2430 823 2502 post
850 2421 1027 2501 paullulum:
1055 2419 1179 2497 πατέρα
1208 2420 1243 2482 δὲ
1272 2420 1357 2498 θεὸν,

206 2527 311 2606 ὥςπερ
341 2526 401 2592 οῦν
429 2525 513 2606 ἔφην
539 2527 613 2606 ἤδη,
648 2525 718 2590 υἱοῦ
747 2529 823 2591 θεοῦ
846 2526 897 2590 καὶ
925 2525 997 2590 υἱὸν
1027 2525 1104 2590 θεὸν
1132 2529 1208 2589 θεοῦ
1236 2526 1357 2605 πατρὸς

206 2633 358 2710 ἠπίςτατο
387 2637 453 2698 τῶν
475 2632 549 2698 τότε
577 2632 721 2700 καθάπαξ
751 2632 863 2697 οὐδείς.
909 2635 1060 2696 Permulta
1088 2637 1192 2717 igitur,
1221 2638 1295 2714 quae
1319 2635 1356 2697 de

206 2743 308 2803 eadem
340 2762 373 2804 re
407 2746 438 2804 in
466 2744 588 2804 eandem
623 2745 798 2804 sententiam
832 2742 1032 2822 disputaverat
1064 2742 1208 2825 lulianus,
1241 2762 1274 2803 ca
1302 2745 1355 2803 im·

205 2867 337 2928 pugnare
371 2852 401 2910 in
438 2858 568 2911 mentem
597 2852 698 2910 venire
732 2867 792 2909 non
823 2857 940 2929 poterat
972 2849 1136 2910 Theodoro.
1183 2850 1356 2912 Alleruntur

209 2962 309 3014 autem
333 2957 420 3015 etiam
443 2955 516 3016 haec
540 2959 633 3036 ipsius
657 2949 791 3037 verba:¹)
821 2955 934 3036 „Homo
958 2956 1071 3017 homiui
1089 2956 1357 3038 consubstantialis

182 3059 285 3121 -Deus
314 3070 413 3122 autem
440 3062 501 3123 Deo
530 3063 797 3124 consubstantialis.
835 3062 989 3133 Quomodo
1013 3081 1084 3142 ergo
1108 3062 1187 3122 Deus
1210 3069 1241 3122 et
1267 3061 1356 3122 homo

206 3185 286 3227 unus
312 3186 367 3248 per
395 3171 539 3229 unitatem
567 3187 632 3230 esse
660 3165 807 3248 possunt?
850 3169 952 3230 Salvus
977 3176 1006 3229 et
1030 3170 1081 3248 qui
1105 3163 1255 3228 salvatur?
1298 3166 1356 3237 Qui

208 3281 275 3333 ante
300 3275 416 3335 saecula
439 3284 469 3336 et
494 3277 545 3354 qui
568 3294 604 3336 ex
627 3275 718 3336 Maria
741 3269 924 3355 apparuit?“
959 3274 997 3337 Et
1015 3274 1158 3335 Leontius
1178 3274 1356 3354 Byzantinus

206 3388 309 3440 contra
328 3380 445 3441 Nestor.
465 3391 495 3442 et
508 3381 632 3462 Eutyoh.
647 3381 697 3442 lib.
712 3381 761 3442 ill.
776 3377 923 3464 (Gallandi
936 3382 990 3443 ΧΠ
1009 3403 1037 3463 p.
1053 3374 1189 3462 686bC):
1206 3379 1285 3463 „Hic
1305 3357 1354 3442 ονῖ-

207 3483 385 3547 secrahilis“
402 3490 500 3568 inquit
517 3491 571 3569 „in
591 3489 783 3550 celeberrima
803 3490 927 3551 ecclesia
946 3489 1132 3570 Antiochiae,
1156 3496 1189 3548 ut
1208 3488 1355 3569 quondam

208 3593 377 3676 vocabatur,
395 3613 473 3655 nunc
493 3602 591 3656 autem
611 3596 778 3679 Theopolis,
798 3617 866 3658 cram
885 3597 1055 3677 explanaret
1074 3597 1247 3677 scripturas,
1266 3613 1356 3656 ausus

208 3707 254 3760 est
278 3718 346 3760 cum
369 3701 460 3761 multa
484 3701 553 3782 alia,
576 3709 639 3762 tum
663 3721 765 3763 vocem
788 3700 952 3778 decresco,
976 3703 1004 3763 id
1030 3709 1088 3782 est,
1117 3700 1253 3781 Deipara,
1281 3705 1355 3763 vitu·

208 3824 328 3888 perare,
351 3817 385 3867 ut
403 3809 443 3867 ita
466 3808 535 3868 inde
559 3817 655 3869 totum
674 3818 776 3869 contra
801 3829 832 3870 se
851 3811 994 3890 populum
1014 3803 1241 3869 commoveret.“
1276 3806 1355 3886 Ergo

208 3930 245 3971 ne
271 3930 304 3972 ea
328 3911 448 3990 quidem
470 3913 628 3993 displicere
651 3923 789 3994 poterant
812 3915 981 3996 Theodoro,
1010 3934 1085 3995 quae
1109 3922 1286 3994 exposuerat
1308 3914 1356 3976 lu·

208 4018 305 4080 lienus
328 4038 372 4099 ap.
397 4019 462 4098 Cyn.
486 4039 514 4099 p.
530 4017 622 4082 2620
637 4039 700 4100 sqq.
720 4017 813 4082 276u
830 4041 873 4102 sq.

296 4124 404 4186 lisdem
431 4126 493 4187 lere
517 4127 702 4208 temporibus
726 4127 834 4208 quihus
858 4128 1033 4190 Theodorus
1056 4129 1284 4209 Mopsuestenus
1307 4147 1354 4208 ag·
1380 4185 1382 4194 ,

207 4251 328 4310 gressus
348 4251 413 4294 esse
434 4233 538 4295 Iuliani
557 4233 649 4295 lihros
664 4235 831 4296 censendus
851 4243 896 4296 est
913 4229 1120 4314 Philippus
1140 4229 1279 4296 Sidete
1314 4233 1354 4294 De

280 4458 307 4526 1)
325 4456 464 4511 Harduini
483 4457 546 4513 ooli.
566 4457 663 4541 concil.
684 4457 724 4512 III
741 4477 770 4528 p.
790 4464 823 4512 99
843 4459 871 4512 θ.
954 4454 956 4459 ’

261 4556 368 4597 Iulianus
382 4557 417 4598 ed.
431 4558 557 4598 naumann.
