<?xml version="1.0" encoding="UTF-8"?>
<!DOCTYPE html PUBLIC "-//W3C//DTD XHTML 1.0 Transitional//EN"
    "http://www.w3.org/TR/xhtml1/DTD/xhtml1-transitional.dtd">
<html xmlns="http://www.w3.org/1999/xhtml" xml:lang="en" lang="en">
 <head>
  <title>
</title>
<meta http-equiv="Content-Type" content="text/html;charset=utf-8" />
  <meta name='ocr-system' content='tesseract 3.04.00' />
  <meta name='ocr-capabilities' content='ocr_page ocr_carea ocr_par ocr_line ocrx_word'/>
</head>
<body>
  <div class='ocr_page' id='page_1' title='image "./ivlianiimperato00juligoog_0055.png"; bbox 0 0 3194 4904; ppageno 0'>
   <div class='ocr_carea' id='block_1_1' title="bbox 607 272 1385 336">
    <p class='ocr_par' dir='ltr' id='par_1_1' title="bbox 607 272 1385 336">
     <span class='ocr_line' id='line_1_1' title="bbox 607 272 1385 336; baseline 0.003 -9"><span class='ocrx_word' id='word_1_1' title='bbox 607 274 649 327; x_wconf 84' lang='lat' dir='ltr'><strong>De</strong></span> <span class='ocrx_word' id='word_1_2' title='bbox 668 272 769 328; x_wconf 85' lang='lat' dir='ltr'><strong>Iuliani</strong></span> <span class='ocrx_word' id='word_1_3' title='bbox 787 272 921 328; x_wconf 88' lang='lat' dir='ltr'><strong>librorum</strong></span> <span class='ocrx_word' id='word_1_4' title='bbox 946 274 1020 328; x_wconf 78' lang='lat' dir='ltr'><strong>fatis.</strong></span> <span class='ocrx_word' id='word_1_5' title='bbox 1342 272 1385 336; x_wconf 83' lang='lat'><strong>39</strong></span> 
     </span>
    </p>
   </div>
   <div class='ocr_carea' id='block_1_2' title="bbox 197 432 1385 4147">
    <p class='ocr_par' dir='ltr' id='par_1_2' title="bbox 224 432 1385 3942">
     <span class='ocr_line' id='line_1_2' title="bbox 235 432 1384 520; baseline -0.003 -19"><span class='ocrx_word' id='word_1_6' title='bbox 235 451 265 501; x_wconf 89' lang='lat' dir='ltr'><strong>et</strong></span> <span class='ocrx_word' id='word_1_7' title='bbox 292 442 358 501; x_wconf 91' lang='lat' dir='ltr'><strong>eius</strong></span> <span class='ocrx_word' id='word_1_8' title='bbox 381 432 583 520; x_wconf 85' lang='lat' dir='ltr'><strong>apograpbo¹)</strong></span> <span class='ocrx_word' id='word_1_9' title='bbox 612 439 676 500; x_wconf 90' lang='lat' dir='ltr'><strong>cod.</strong></span> <span class='ocrx_word' id='word_1_10' title='bbox 699 439 788 500; x_wconf 87' lang='lat' dir='ltr'><strong>Marc.</strong></span> <span class='ocrx_word' id='word_1_11' title='bbox 814 436 878 500; x_wconf 91' lang='grc'><strong>124</strong></span> <span class='ocrx_word' id='word_1_12' title='bbox 901 457 960 500; x_wconf 84' lang='lat' dir='ltr'><strong>sec.</strong></span> <span class='ocrx_word' id='word_1_13' title='bbox 985 439 1057 520; x_wconf 84' lang='lat' dir='ltr'><strong>XV.;</strong></span> <span class='ocrx_word' id='word_1_14' title='bbox 1090 441 1120 500; x_wconf 93' lang='lat' dir='ltr'><strong>in</strong></span> <span class='ocrx_word' id='word_1_15' title='bbox 1150 437 1252 499; x_wconf 88' lang='lat' dir='ltr'><strong>codice</strong></span> <span class='ocrx_word' id='word_1_16' title='bbox 1275 438 1384 499; x_wconf 87' lang='lat' dir='ltr'><strong>Medio·</strong></span> 
     </span>
     <span class='ocr_line' id='line_1_3' title="bbox 232 540 1385 627; baseline -0.001 -19"><span class='ocrx_word' id='word_1_17' title='bbox 232 555 373 608; x_wconf 90' lang='lat' dir='ltr'><strong>montano</strong></span> <span class='ocrx_word' id='word_1_18' title='bbox 390 543 476 607; x_wconf 88' lang='grc'>1444</span> <span class='ocrx_word' id='word_1_19' title='bbox 495 564 553 606; x_wconf 91' lang='lat' dir='ltr'><strong>sec.</strong></span> <span class='ocrx_word' id='word_1_20' title='bbox 570 544 629 606; x_wconf 88' lang='lat' dir='ltr'><strong>XV.</strong></span> <span class='ocrx_word' id='word_1_21' title='bbox 649 554 725 607; x_wconf 89' lang='lat' dir='ltr'><strong>teste</strong></span> <span class='ocrx_word' id='word_1_22' title='bbox 742 545 883 606; x_wconf 91' lang='lat' dir='ltr'><strong>Haeuelio</strong></span> <span class='ocrx_word' id='word_1_23' title='bbox 900 540 1038 627; x_wconf 87' lang='lat' dir='ltr'><strong>(catalogi</strong></span> <span class='ocrx_word' id='word_1_24' title='bbox 1052 546 1197 607; x_wconf 92' lang='lat' dir='ltr'><strong>librorum</strong></span> <span class='ocrx_word' id='word_1_25' title='bbox 1213 563 1281 606; x_wconf 91' lang='lat' dir='ltr'><strong>mss.</strong></span> <span class='ocrx_word' id='word_1_26' title='bbox 1298 543 1385 607; x_wconf 81' lang='lat'>1830</span> 
     </span>
     <span class='ocr_line' id='line_1_4' title="bbox 231 648 1383 737; baseline -0.001 -22"><span class='ocrx_word' id='word_1_27' title='bbox 231 675 259 734; x_wconf 93' lang='lat' dir='ltr'><strong>p.</strong></span> <span class='ocrx_word' id='word_1_28' title='bbox 284 648 376 737; x_wconf 81' lang='lat'><strong>832);</strong></span> <span class='ocrx_word' id='word_1_29' title='bbox 405 671 502 732; x_wconf 89' lang='lat' dir='ltr'><strong>neque</strong></span> <span class='ocrx_word' id='word_1_30' title='bbox 531 653 667 714; x_wconf 89' lang='lat' dir='ltr'><strong>codicum</strong></span> <span class='ocrx_word' id='word_1_31' title='bbox 696 651 926 713; x_wconf 88' lang='lat' dir='ltr'><strong>Scorialensium</strong></span> <span class='ocrx_word' id='word_1_32' title='bbox 954 653 1039 713; x_wconf 88' lang='lat' dir='ltr'><strong>aliam</strong></span> <span class='ocrx_word' id='word_1_33' title='bbox 1068 671 1133 712; x_wconf 88' lang='lat' dir='ltr'><strong>esse</strong></span> <span class='ocrx_word' id='word_1_34' title='bbox 1166 655 1311 713; x_wconf 91' lang='lat' dir='ltr'><strong>rationem</strong></span> <span class='ocrx_word' id='word_1_35' title='bbox 1339 656 1383 714; x_wconf 94' lang='lat' dir='ltr'><strong>iu·</strong></span> 
     </span>
     <span class='ocr_line' id='line_1_5' title="bbox 231 753 1383 843; baseline -0.002 -21"><span class='ocrx_word' id='word_1_36' title='bbox 231 761 339 822; x_wconf 84' lang='lat' dir='ltr'><strong>dicarit</strong></span> <span class='ocrx_word' id='word_1_37' title='bbox 365 760 510 821; x_wconf 90' lang='lat' dir='ltr'><strong>Plueerus</strong></span> <span class='ocrx_word' id='word_1_38' title='bbox 540 753 640 839; x_wconf 83' lang='lat' dir='ltr'><strong>(Febr.</strong></span> <span class='ocrx_word' id='word_1_39' title='bbox 664 758 734 819; x_wconf 87' lang='lat' dir='ltr'><strong>bibl.</strong></span> <span class='ocrx_word' id='word_1_40' title='bbox 758 759 806 819; x_wconf 89' lang='lat' dir='ltr'><strong>Gr.</strong></span> <span class='ocrx_word' id='word_1_41' title='bbox 826 753 880 818; x_wconf 75' lang='lat' dir='ltr'><strong>lX4</strong></span> <span class='ocrx_word' id='word_1_42' title='bbox 903 779 930 839; x_wconf 93' lang='lat' dir='ltr'><strong>p.</strong></span> <span class='ocrx_word' id='word_1_43' title='bbox 949 753 1039 843; x_wconf 83' lang='grc'>472).</span> <span class='ocrx_word' id='word_1_44' title='bbox 1090 759 1193 838; x_wconf 82' lang='lat' dir='ltr'><strong>Neque</strong></span> <span class='ocrx_word' id='word_1_45' title='bbox 1226 759 1383 838; x_wconf 89' lang='lat' dir='ltr'><strong>neglegen-</strong></span> 
     </span>
     <span class='ocr_line' id='line_1_6' title="bbox 232 863 1383 930; baseline -0.003 0"><span class='ocrx_word' id='word_1_46' title='bbox 232 870 304 930; x_wconf 91' lang='lat' dir='ltr'><strong>dum</strong></span> <span class='ocrx_word' id='word_1_47' title='bbox 324 877 369 930; x_wconf 87' lang='lat' dir='ltr'><strong>est</strong></span> <span class='ocrx_word' id='word_1_48' title='bbox 391 871 422 929; x_wconf 94' lang='lat' dir='ltr'><strong>in</strong></span> <span class='ocrx_word' id='word_1_49' title='bbox 444 868 545 928; x_wconf 90' lang='lat' dir='ltr'><strong>codice</strong></span> <span class='ocrx_word' id='word_1_50' title='bbox 564 866 713 928; x_wconf 87' lang='lat' dir='ltr'><strong>Marciano</strong></span> <span class='ocrx_word' id='word_1_51' title='bbox 735 863 797 926; x_wconf 89' lang='grc'><strong>122</strong></span> <span class='ocrx_word' id='word_1_52' title='bbox 817 883 892 926; x_wconf 91' lang='lat' dir='ltr'><strong>saec.</strong></span> <span class='ocrx_word' id='word_1_53' title='bbox 912 865 986 929; x_wconf 89' lang='lat' dir='ltr'><strong>XlV.</strong></span> <span class='ocrx_word' id='word_1_54' title='bbox 1010 884 1069 927; x_wconf 91' lang='lat' dir='ltr'><strong>non</strong></span> <span class='ocrx_word' id='word_1_55' title='bbox 1089 874 1221 928; x_wconf 84' lang='lat' dir='ltr'><strong>servatos</strong></span> <span class='ocrx_word' id='word_1_56' title='bbox 1240 884 1305 927; x_wconf 86' lang='lat' dir='ltr'><strong>csse</strong></span> <span class='ocrx_word' id='word_1_57' title='bbox 1325 869 1383 927; x_wconf 93' lang='lat' dir='ltr'><strong>nisi</strong></span> 
     </span>
     <span class='ocr_line' id='line_1_7' title="bbox 231 973 1384 1053; baseline 0 -19"><span class='ocrx_word' id='word_1_58' title='bbox 231 975 324 1036; x_wconf 91' lang='lat' dir='ltr'><strong>libros</strong></span> <span class='ocrx_word' id='word_1_59' title='bbox 350 974 448 1035; x_wconf 87' lang='lat' dir='ltr'><strong>l.-V.</strong></span> <span class='ocrx_word' id='word_1_60' title='bbox 492 973 659 1034; x_wconf 86' lang='lat' dir='ltr'><strong>Proiectam</strong></span> <span class='ocrx_word' id='word_1_61' title='bbox 684 981 783 1034; x_wconf 91' lang='lat' dir='ltr'><strong>autem</strong></span> <span class='ocrx_word' id='word_1_62' title='bbox 806 991 873 1034; x_wconf 91' lang='lat' dir='ltr'><strong>esse</strong></span> <span class='ocrx_word' id='word_1_63' title='bbox 896 973 972 1034; x_wconf 94' lang='lat' dir='ltr'><strong>banc</strong></span> <span class='ocrx_word' id='word_1_64' title='bbox 995 975 1236 1034; x_wconf 88' lang='lat' dir='ltr'><strong>coniunctionem</strong></span> <span class='ocrx_word' id='word_1_65' title='bbox 1260 973 1295 1034; x_wconf 89' lang='lat' dir='ltr'><strong>ab</strong></span> <span class='ocrx_word' id='word_1_66' title='bbox 1319 975 1384 1053; x_wconf 89' lang='lat' dir='ltr'><strong>ipso</strong></span> 
     </span>
     <span class='ocr_line' id='line_1_8' title="bbox 232 1079 1384 1162; baseline -0.002 -20"><span class='ocrx_word' id='word_1_67' title='bbox 232 1081 341 1162; x_wconf 79' lang='lat' dir='ltr'><strong>Cyrillo</strong></span> <span class='ocrx_word' id='word_1_68' title='bbox 364 1080 524 1142; x_wconf 87' lang='lat' dir='ltr'><strong>verisimile</strong></span> <span class='ocrx_word' id='word_1_69' title='bbox 543 1080 616 1140; x_wconf 87' lang='lat' dir='ltr'><strong>milri</strong></span> <span class='ocrx_word' id='word_1_70' title='bbox 644 1079 769 1141; x_wconf 83' lang='lat' dir='ltr'><strong>ridetur.</strong></span> <span class='ocrx_word' id='word_1_71' title='bbox 811 1080 844 1140; x_wconf 94' lang='lat' dir='ltr'><strong>ln</strong></span> <span class='ocrx_word' id='word_1_72' title='bbox 872 1081 931 1140; x_wconf 86' lang='lat' dir='ltr'><strong>line</strong></span> <span class='ocrx_word' id='word_1_73' title='bbox 955 1081 1033 1140; x_wconf 90' lang='lat' dir='ltr'><strong>euim</strong></span> <span class='ocrx_word' id='word_1_74' title='bbox 1057 1080 1201 1141; x_wconf 90' lang='lat' dir='ltr'><strong>librorum</strong></span> <span class='ocrx_word' id='word_1_75' title='bbox 1230 1082 1325 1159; x_wconf 90' lang='lat' dir='ltr'><strong>quinti</strong></span> <span class='ocrx_word' id='word_1_76' title='bbox 1353 1088 1384 1141; x_wconf 92' lang='lat' dir='ltr'><strong>et</strong></span> 
     </span>
     <span class='ocr_line' id='line_1_9' title="bbox 229 1186 1382 1268; baseline 0 -20"><span class='ocrx_word' id='word_1_77' title='bbox 229 1189 337 1248; x_wconf 83' lang='lat' dir='ltr'>decimi</span> <span class='ocrx_word' id='word_1_78' title='bbox 365 1189 516 1248; x_wconf 83' lang='lat' dir='ltr'><strong>invenitur</strong></span> <span class='ocrx_word' id='word_1_79' title='bbox 545 1186 687 1247; x_wconf 93' lang='lat' dir='ltr'><strong>sollemne</strong></span> <span class='ocrx_word' id='word_1_80' title='bbox 720 1188 900 1266; x_wconf 77' lang='lat' dir='ltr'><strong>precationis</strong></span> <span class='ocrx_word' id='word_1_81' title='bbox 930 1205 1063 1268; x_wconf 86' lang='lat' dir='ltr'><strong>carmen,</strong></span> <span class='ocrx_word' id='word_1_82' title='bbox 1092 1189 1123 1247; x_wconf 92' lang='lat' dir='ltr'><strong>in</strong></span> <span class='ocrx_word' id='word_1_83' title='bbox 1152 1188 1209 1247; x_wconf 86' lang='lat' dir='ltr'><strong>fine</strong></span> <span class='ocrx_word' id='word_1_84' title='bbox 1237 1187 1382 1248; x_wconf 91' lang='lat' dir='ltr'><strong>librorum</strong></span> 
     </span>
     <span class='ocr_line' id='line_1_10' title="bbox 232 1290 1381 1372; baseline 0.001 -18"><span class='ocrx_word' id='word_1_85' title='bbox 232 1292 259 1355; x_wconf 92' lang='lat'><strong>1.</strong></span> <span class='ocrx_word' id='word_1_86' title='bbox 283 1292 313 1354; x_wconf 92' lang='grc'><strong>2.</strong></span> <span class='ocrx_word' id='word_1_87' title='bbox 337 1291 366 1355; x_wconf 88' lang='lat'><strong>3.</strong></span> <span class='ocrx_word' id='word_1_88' title='bbox 389 1290 419 1355; x_wconf 92' lang='lat'><strong>4.</strong></span> <span class='ocrx_word' id='word_1_89' title='bbox 444 1291 472 1354; x_wconf 82' lang='lat'><strong>6.</strong></span> <span class='ocrx_word' id='word_1_90' title='bbox 499 1291 526 1354; x_wconf 78' lang='lat'><strong>7.</strong></span> <span class='ocrx_word' id='word_1_91' title='bbox 550 1290 570 1354; x_wconf 87' lang='grc'><strong>9</strong></span> <span class='ocrx_word' id='word_1_92' title='bbox 595 1312 654 1354; x_wconf 91' lang='lat' dir='ltr'><strong>non</strong></span> <span class='ocrx_word' id='word_1_93' title='bbox 678 1296 758 1354; x_wconf 90' lang='lat' dir='ltr'><strong>item.</strong></span> <span class='ocrx_word' id='word_1_94' title='bbox 795 1294 898 1372; x_wconf 81' lang='lat' dir='ltr'><strong>Neque</strong></span> <span class='ocrx_word' id='word_1_95' title='bbox 918 1313 953 1354; x_wconf 90' lang='lat' dir='ltr'><strong>eo</strong></span> <span class='ocrx_word' id='word_1_96' title='bbox 978 1293 1167 1372; x_wconf 77' lang='lat' dir='ltr'><strong>redarguitur</strong></span> <span class='ocrx_word' id='word_1_97' title='bbox 1191 1301 1292 1354; x_wconf 89' lang='lat' dir='ltr'><strong>nostra</strong></span> <span class='ocrx_word' id='word_1_98' title='bbox 1316 1311 1381 1355; x_wconf 90' lang='lat' dir='ltr'><strong>sen-</strong></span> 
     </span>
     <span class='ocr_line' id='line_1_11' title="bbox 229 1397 1381 1482; baseline -0.001 -21"><span class='ocrx_word' id='word_1_99' title='bbox 229 1403 331 1482; x_wconf 84' lang='lat' dir='ltr'><strong>tentia,</strong></span> <span class='ocrx_word' id='word_1_100' title='bbox 356 1400 434 1479; x_wconf 91' lang='lat' dir='ltr'><strong>quod</strong></span> <span class='ocrx_word' id='word_1_101' title='bbox 459 1402 546 1460; x_wconf 91' lang='lat' dir='ltr'><strong>etiam</strong></span> <span class='ocrx_word' id='word_1_102' title='bbox 570 1408 666 1461; x_wconf 83' lang='lat' dir='ltr'><strong>exstat</strong></span> <span class='ocrx_word' id='word_1_103' title='bbox 689 1402 720 1460; x_wconf 93' lang='lat' dir='ltr'><strong>iu</strong></span> <span class='ocrx_word' id='word_1_104' title='bbox 738 1400 796 1460; x_wconf 86' lang='lat' dir='ltr'><strong>fine</strong></span> <span class='ocrx_word' id='word_1_105' title='bbox 816 1399 883 1460; x_wconf 84' lang='lat' dir='ltr'><strong>libri</strong></span> <span class='ocrx_word' id='word_1_106' title='bbox 904 1397 932 1461; x_wconf 89' lang='lat'><strong>8.</strong></span> <span class='ocrx_word' id='word_1_107' title='bbox 969 1399 1043 1460; x_wconf 92' lang='lat' dir='ltr'><strong>Nam</strong></span> <span class='ocrx_word' id='word_1_108' title='bbox 1066 1399 1108 1460; x_wconf 94' lang='lat' dir='ltr'><strong>ibi</strong></span> <span class='ocrx_word' id='word_1_109' title='bbox 1127 1403 1158 1460; x_wconf 90' lang='lat' dir='ltr'><strong>in</strong></span> <span class='ocrx_word' id='word_1_110' title='bbox 1176 1400 1260 1460; x_wconf 89' lang='lat' dir='ltr'><strong>Pauli</strong></span> <span class='ocrx_word' id='word_1_111' title='bbox 1283 1400 1381 1461; x_wconf 83' lang='lat' dir='ltr'><strong>verbis</strong></span> 
     </span>
     <span class='ocr_line' id='line_1_12' title="bbox 230 1503 1381 1588; baseline 0.001 -21"><span class='ocrx_word' id='word_1_112' title='bbox 230 1505 332 1568; x_wconf 79' lang='lat' dir='ltr'><strong>2Cor.</strong></span> <span class='ocrx_word' id='word_1_113' title='bbox 347 1503 414 1588; x_wconf 86' lang='lat'><strong>4,4</strong></span> <span class='ocrx_word' id='word_1_114' title='bbox 433 1525 501 1568; x_wconf 90' lang='lat' dir='ltr'><strong>cum</strong></span> <span class='ocrx_word' id='word_1_115' title='bbox 521 1509 689 1567; x_wconf 89' lang='lat' dir='ltr'><strong>nominatus</strong></span> <span class='ocrx_word' id='word_1_116' title='bbox 708 1514 789 1566; x_wconf 88' lang='lat' dir='ltr'><strong>esset</strong></span> <span class='ocrx_word' id='word_1_117' title='bbox 810 1505 956 1585; x_wconf 84' lang='lat' dir='ltr'><strong>Christus,</strong></span> <span class='ocrx_word' id='word_1_118' title='bbox 975 1509 1091 1567; x_wconf 82' lang='lat' dir='ltr'><strong>occasio</strong></span> <span class='ocrx_word' id='word_1_119' title='bbox 1111 1507 1177 1567; x_wconf 91' lang='lat' dir='ltr'><strong>data</strong></span> <span class='ocrx_word' id='word_1_120' title='bbox 1196 1516 1260 1567; x_wconf 89' lang='lat' dir='ltr'><strong>erat</strong></span> <span class='ocrx_word' id='word_1_121' title='bbox 1279 1507 1381 1568; x_wconf 89' lang='lat' dir='ltr'><strong>adiun-</strong></span> 
     </span>
     <span class='ocr_line' id='line_1_13' title="bbox 231 1607 1381 1693; baseline 0.001 -19"><span class='ocrx_word' id='word_1_122' title='bbox 231 1612 320 1692; x_wconf 90' lang='lat' dir='ltr'><strong>gendi</strong></span> <span class='ocrx_word' id='word_1_123' title='bbox 344 1612 433 1674; x_wconf 88' lang='lat' dir='ltr'><strong>verba</strong></span> <span class='ocrx_word' id='word_1_124' title='bbox 458 1607 514 1672; x_wconf 80' lang='lat' dir='ltr'><strong>‘bt’</strong></span> <span class='ocrx_word' id='word_1_125' title='bbox 537 1608 576 1674; x_wconf 86' lang='grc' dir='ltr'><strong>οὗ</strong></span> <span class='ocrx_word' id='word_1_126' title='bbox 599 1610 650 1673; x_wconf 87' lang='grc' dir='ltr'><strong>καὶ</strong></span> <span class='ocrx_word' id='word_1_127' title='bbox 673 1607 745 1687; x_wconf 81' lang='grc' dir='ltr'>μεθ’</span> <span class='ocrx_word' id='word_1_128' title='bbox 769 1609 807 1672; x_wconf 86' lang='grc' dir='ltr'><strong>οὗ</strong></span> <span class='ocrx_word' id='word_1_129' title='bbox 830 1615 876 1693; x_wconf 81' lang='grc' dir='ltr'><strong>τῷ</strong></span> <span class='ocrx_word' id='word_1_130' title='bbox 900 1614 964 1693; x_wconf 83' lang='grc' dir='ltr'><strong>θεῷ</strong></span> <span class='ocrx_word' id='word_1_131' title='bbox 988 1611 1039 1673; x_wconf 83' lang='grc' dir='ltr'><strong>καὶ</strong></span> <span class='ocrx_word' id='word_1_132' title='bbox 1062 1611 1158 1689; x_wconf 84' lang='grc' dir='ltr'>πατρὶ</span> <span class='ocrx_word' id='word_1_133' title='bbox 1180 1611 1199 1689; x_wconf 87' lang='grc' dir='ltr'>ἡ</span> <span class='ocrx_word' id='word_1_134' title='bbox 1224 1610 1303 1677; x_wconf 85' lang='grc' dir='ltr'>δόξα</span> <span class='ocrx_word' id='word_1_135' title='bbox 1326 1612 1381 1676; x_wconf 80' lang='lat' dir='ltr'><strong>cdv</strong></span> 
     </span>
     <span class='ocr_line' id='line_1_14' title="bbox 228 1713 1381 1801; baseline 0.001 -20"><span class='ocrx_word' id='word_1_136' title='bbox 228 1717 309 1800; x_wconf 85' lang='grc' dir='ltr'>ἁγίῳ</span> <span class='ocrx_word' id='word_1_137' title='bbox 334 1718 488 1795; x_wconf 87' lang='grc' dir='ltr'>πνεύματι</span> <span class='ocrx_word' id='word_1_138' title='bbox 512 1716 556 1781; x_wconf 81' lang='grc' dir='ltr'><strong>εἰ(</strong></span> <span class='ocrx_word' id='word_1_139' title='bbox 579 1717 654 1781; x_wconf 73' lang='grc' dir='ltr'>τοὺς</span> <span class='ocrx_word' id='word_1_140' title='bbox 674 1716 800 1780; x_wconf 66' lang='grc' dir='ltr'>αἰῶνας.</span> <span class='ocrx_word' id='word_1_141' title='bbox 830 1713 938 1795; x_wconf 89' lang='grc' dir='ltr'><strong>ἀμήν’,</strong></span> <span class='ocrx_word' id='word_1_142' title='bbox 963 1737 1037 1798; x_wconf 90' lang='lat' dir='ltr'><strong>quae</strong></span> <span class='ocrx_word' id='word_1_143' title='bbox 1062 1721 1092 1779; x_wconf 94' lang='lat' dir='ltr'><strong>in</strong></span> <span class='ocrx_word' id='word_1_144' title='bbox 1116 1719 1260 1780; x_wconf 90' lang='lat' dir='ltr'><strong>librorum</strong></span> <span class='ocrx_word' id='word_1_145' title='bbox 1285 1723 1381 1801; x_wconf 87' lang='lat' dir='ltr'><strong>quinti</strong></span> 
     </span>
     <span class='ocr_line' id='line_1_15' title="bbox 228 1824 1381 1906; baseline 0 -18"><span class='ocrx_word' id='word_1_146' title='bbox 228 1837 258 1888; x_wconf 89' lang='lat' dir='ltr'><strong>et</strong></span> <span class='ocrx_word' id='word_1_147' title='bbox 286 1827 394 1888; x_wconf 84' lang='lat' dir='ltr'><strong>decimi</strong></span> <span class='ocrx_word' id='word_1_148' title='bbox 422 1827 479 1886; x_wconf 86' lang='lat' dir='ltr'><strong>linc</strong></span> <span class='ocrx_word' id='word_1_149' title='bbox 507 1833 626 1906; x_wconf 86' lang='lat' dir='ltr'><strong>praesto</strong></span> <span class='ocrx_word' id='word_1_150' title='bbox 655 1843 714 1885; x_wconf 93' lang='lat' dir='ltr'><strong>non</strong></span> <span class='ocrx_word' id='word_1_151' title='bbox 739 1833 809 1886; x_wconf 85' lang='lat' dir='ltr'><strong>crat.</strong></span> <span class='ocrx_word' id='word_1_152' title='bbox 854 1824 919 1885; x_wconf 90' lang='lat' dir='ltr'><strong>Huc</strong></span> <span class='ocrx_word' id='word_1_153' title='bbox 948 1825 1061 1885; x_wconf 88' lang='lat' dir='ltr'><strong>accedit</strong></span> <span class='ocrx_word' id='word_1_154' title='bbox 1085 1827 1164 1904; x_wconf 87' lang='lat' dir='ltr'><strong>quod</strong></span> <span class='ocrx_word' id='word_1_155' title='bbox 1192 1827 1307 1906; x_wconf 81' lang='lat' dir='ltr'><strong>longior</strong></span> <span class='ocrx_word' id='word_1_156' title='bbox 1336 1836 1381 1889; x_wconf 92' lang='lat' dir='ltr'><strong>cst</strong></span> 
     </span>
     <span class='ocr_line' id='line_1_16' title="bbox 228 1928 1379 2013; baseline 0.001 -19"><span class='ocrx_word' id='word_1_157' title='bbox 228 1933 381 1995; x_wconf 89' lang='lat' dir='ltr'><strong>conclusio</strong></span> <span class='ocrx_word' id='word_1_158' title='bbox 409 1932 554 1994; x_wconf 90' lang='lat' dir='ltr'><strong>librorum</strong></span> <span class='ocrx_word' id='word_1_159' title='bbox 578 1929 599 1994; x_wconf 80' lang='lat'>5</span> <span class='ocrx_word' id='word_1_160' title='bbox 623 1941 653 1993; x_wconf 91' lang='lat' dir='ltr'><strong>ct</strong></span> <span class='ocrx_word' id='word_1_161' title='bbox 678 1929 734 2013; x_wconf 86' lang='lat'><strong>10,</strong></span> <span class='ocrx_word' id='word_1_162' title='bbox 765 1950 839 2011; x_wconf 89' lang='lat' dir='ltr'><strong>quae</strong></span> <span class='ocrx_word' id='word_1_163' title='bbox 867 1934 898 1992; x_wconf 92' lang='lat' dir='ltr'><strong>in</strong></span> <span class='ocrx_word' id='word_1_164' title='bbox 925 1930 1002 1991; x_wconf 93' lang='lat' dir='ltr'><strong>libro</strong></span> <span class='ocrx_word' id='word_1_165' title='bbox 1029 1928 1069 1992; x_wconf 86' lang='lat'><strong>10</strong></span> <span class='ocrx_word' id='word_1_166' title='bbox 1096 1934 1201 2012; x_wconf 78' lang='lat' dir='ltr'><strong>incipit</strong></span> <span class='ocrx_word' id='word_1_167' title='bbox 1229 1953 1256 2013; x_wconf 91' lang='lat' dir='ltr'><strong>p.</strong></span> <span class='ocrx_word' id='word_1_168' title='bbox 1281 1931 1379 1995; x_wconf 81' lang='lat' dir='ltr'>361E</span> 
     </span>
     <span class='ocr_line' id='line_1_17' title="bbox 226 2035 1380 2117; baseline 0.002 -17"><span class='ocrx_word' id='word_1_169' title='bbox 226 2059 243 2100; x_wconf 93' lang='lat' dir='ltr'><strong>a</strong></span> <span class='ocrx_word' id='word_1_170' title='bbox 272 2040 371 2101; x_wconf 88' lang='lat' dir='ltr'><strong>verbis</strong></span> <span class='ocrx_word' id='word_1_171' title='bbox 400 2037 490 2115; x_wconf 80' lang='grc' dir='ltr'><strong>ἡμεῖ(</strong></span> <span class='ocrx_word' id='word_1_172' title='bbox 514 2037 550 2099; x_wconf 81' lang='grc' dir='ltr'><strong>δὲ</strong></span> <span class='ocrx_word' id='word_1_173' title='bbox 574 2037 649 2100; x_wconf 72' lang='grc' dir='ltr'>τοὺς</span> <span class='ocrx_word' id='word_1_174' title='bbox 674 2035 749 2114; x_wconf 86' lang='grc' dir='ltr'>κτὲ.,</span> <span class='ocrx_word' id='word_1_175' title='bbox 777 2040 808 2098; x_wconf 94' lang='lat' dir='ltr'><strong>in</strong></span> <span class='ocrx_word' id='word_1_176' title='bbox 836 2038 912 2099; x_wconf 92' lang='lat' dir='ltr'><strong>libro</strong></span> <span class='ocrx_word' id='word_1_177' title='bbox 932 2035 952 2098; x_wconf 84' lang='lat'>5</span> <span class='ocrx_word' id='word_1_178' title='bbox 975 2058 1004 2117; x_wconf 87' lang='lat' dir='ltr'><strong>p.</strong></span> <span class='ocrx_word' id='word_1_179' title='bbox 1026 2035 1122 2099; x_wconf 69' lang='lat'><em>18113</em></span> <span class='ocrx_word' id='word_1_180' title='bbox 1146 2057 1162 2098; x_wconf 91' lang='lat' dir='ltr'><strong>a</strong></span> <span class='ocrx_word' id='word_1_181' title='bbox 1185 2039 1283 2100; x_wconf 89' lang='lat' dir='ltr'><strong>verbis</strong></span> <span class='ocrx_word' id='word_1_182' title='bbox 1306 2037 1380 2102; x_wconf 88' lang='grc' dir='ltr'>οὐκ·</span> 
     </span>
     <span class='ocr_line' id='line_1_18' title="bbox 226 2143 1380 2227; baseline 0 -19"><span class='ocrx_word' id='word_1_183' title='bbox 226 2148 286 2209; x_wconf 82' lang='grc' dir='ltr'><strong>οῦν</strong></span> <span class='ocrx_word' id='word_1_184' title='bbox 311 2144 338 2208; x_wconf 89' lang='grc' dir='ltr'><strong>εἰ</strong></span> <span class='ocrx_word' id='word_1_185' title='bbox 360 2149 406 2227; x_wconf 86' lang='grc' dir='ltr'><strong>τῷ</strong></span> <span class='ocrx_word' id='word_1_186' title='bbox 430 2143 491 2207; x_wconf 87' lang='grc' dir='ltr'><strong>κτὲ.</strong></span> <span class='ocrx_word' id='word_1_187' title='bbox 530 2145 645 2217; x_wconf 87' lang='lat' dir='ltr'><strong>Quibus</strong></span> <span class='ocrx_word' id='word_1_188' title='bbox 669 2148 852 2225; x_wconf 85' lang='lat' dir='ltr'><strong>argumentis</strong></span> <span class='ocrx_word' id='word_1_189' title='bbox 876 2148 901 2204; x_wconf 95' lang='lat' dir='ltr'><strong>si</strong></span> <span class='ocrx_word' id='word_1_190' title='bbox 925 2147 974 2206; x_wconf 89' lang='lat' dir='ltr'><strong>cui</strong></span> <span class='ocrx_word' id='word_1_191' title='bbox 996 2145 1170 2224; x_wconf 88' lang='lat' dir='ltr'><strong>persuaderi</strong></span> <span class='ocrx_word' id='word_1_192' title='bbox 1198 2164 1258 2206; x_wconf 92' lang='lat' dir='ltr'><strong>non</strong></span> <span class='ocrx_word' id='word_1_193' title='bbox 1281 2155 1380 2226; x_wconf 87' lang='lat' dir='ltr'><strong>potest</strong></span> 
     </span>
     <span class='ocr_line' id='line_1_19' title="bbox 227 2253 1379 2334; baseline 0.002 -20"><span class='ocrx_word' id='word_1_194' title='bbox 227 2253 264 2314; x_wconf 88' lang='lat' dir='ltr'><strong>ab</strong></span> <span class='ocrx_word' id='word_1_195' title='bbox 291 2256 356 2334; x_wconf 89' lang='lat' dir='ltr'><strong>ipso</strong></span> <span class='ocrx_word' id='word_1_196' title='bbox 380 2253 488 2334; x_wconf 80' lang='lat' dir='ltr'><strong>dyrillo</strong></span> <span class='ocrx_word' id='word_1_197' title='bbox 516 2253 592 2314; x_wconf 90' lang='lat' dir='ltr'><strong>banc</strong></span> <span class='ocrx_word' id='word_1_198' title='bbox 620 2254 766 2314; x_wconf 89' lang='lat' dir='ltr'><strong>librorum</strong></span> <span class='ocrx_word' id='word_1_199' title='bbox 795 2253 969 2312; x_wconf 88' lang='lat' dir='ltr'><strong>divisionem</strong></span> <span class='ocrx_word' id='word_1_200' title='bbox 998 2271 1063 2313; x_wconf 89' lang='lat' dir='ltr'><strong>esse</strong></span> <span class='ocrx_word' id='word_1_201' title='bbox 1091 2254 1269 2332; x_wconf 86' lang='lat' dir='ltr'><strong>protectam:</strong></span> <span class='ocrx_word' id='word_1_202' title='bbox 1302 2273 1379 2316; x_wconf 92' lang='lat' dir='ltr'><strong>anno</strong></span> 
     </span>
     <span class='ocr_line' id='line_1_20' title="bbox 225 2358 1379 2440; baseline 0.003 -20"><span class='ocrx_word' id='word_1_203' title='bbox 225 2370 307 2422; x_wconf 89' lang='lat' dir='ltr'><strong>certe</strong></span> <span class='ocrx_word' id='word_1_204' title='bbox 338 2381 365 2440; x_wconf 94' lang='lat' dir='ltr'><strong>p.</strong></span> <span class='ocrx_word' id='word_1_205' title='bbox 390 2361 420 2422; x_wconf 84' lang='lat' dir='ltr'><strong>C.</strong></span> <span class='ocrx_word' id='word_1_206' title='bbox 445 2380 472 2422; x_wconf 91' lang='lat' dir='ltr'><strong>u.</strong></span> <span class='ocrx_word' id='word_1_207' title='bbox 497 2358 563 2423; x_wconf 87' lang='grc'><strong>680</strong></span> <span class='ocrx_word' id='word_1_208' title='bbox 593 2380 657 2422; x_wconf 92' lang='lat' dir='ltr'><strong>eam</strong></span> <span class='ocrx_word' id='word_1_209' title='bbox 689 2363 746 2421; x_wconf 93' lang='lat' dir='ltr'><strong>iam</strong></span> <span class='ocrx_word' id='word_1_210' title='bbox 779 2361 870 2421; x_wconf 88' lang='lat' dir='ltr'><strong>luisse</strong></span> <span class='ocrx_word' id='word_1_211' title='bbox 900 2369 997 2438; x_wconf 88' lang='lat' dir='ltr'><strong>potest</strong></span> <span class='ocrx_word' id='word_1_212' title='bbox 1025 2360 1150 2421; x_wconf 90' lang='lat' dir='ltr'><strong>ostendi.</strong></span> <span class='ocrx_word' id='word_1_213' title='bbox 1192 2360 1225 2420; x_wconf 94' lang='lat' dir='ltr'><strong>ln</strong></span> <span class='ocrx_word' id='word_1_214' title='bbox 1254 2362 1379 2423; x_wconf 93' lang='lat' dir='ltr'><strong>concilio</strong></span> 
     </span>
     <span class='ocr_line' id='line_1_21' title="bbox 226 2467 1378 2548; baseline 0.003 -22"><span class='ocrx_word' id='word_1_215' title='bbox 226 2468 305 2527; x_wconf 91' lang='lat' dir='ltr'><strong>euim</strong></span> <span class='ocrx_word' id='word_1_216' title='bbox 329 2467 653 2548; x_wconf 84' lang='lat' dir='ltr'><strong>Constantinopolitano</strong></span> <span class='ocrx_word' id='word_1_217' title='bbox 677 2468 725 2528; x_wconf 95' lang='lat' dir='ltr'><strong>lll.</strong></span> <span class='ocrx_word' id='word_1_218' title='bbox 757 2471 871 2528; x_wconf 90' lang='lat' dir='ltr'><strong>actione</strong></span> <span class='ocrx_word' id='word_1_219' title='bbox 896 2468 1009 2528; x_wconf 90' lang='lat' dir='ltr'><strong>decima</strong></span> <span class='ocrx_word' id='word_1_220' title='bbox 1033 2467 1080 2528; x_wconf 89' lang='lat' dir='ltr'><strong>die</strong></span> <span class='ocrx_word' id='word_1_221' title='bbox 1104 2467 1205 2528; x_wconf 89' lang='lat' dir='ltr'><strong>XVlll.</strong></span> <span class='ocrx_word' id='word_1_222' title='bbox 1233 2469 1329 2530; x_wconf 90' lang='lat' dir='ltr'><strong>Martii</strong></span> <span class='ocrx_word' id='word_1_223' title='bbox 1354 2489 1378 2530; x_wconf 88' lang='lat' dir='ltr'><strong>a.</strong></span> 
     </span>
     <span class='ocr_line' id='line_1_22' title="bbox 228 2570 1378 2652; baseline 0.003 -18"><span class='ocrx_word' id='word_1_224' title='bbox 228 2570 294 2634; x_wconf 84' lang='lat'><strong>680</strong></span> <span class='ocrx_word' id='word_1_225' title='bbox 315 2574 414 2636; x_wconf 91' lang='lat' dir='ltr'><strong>habita</strong></span> <span class='ocrx_word' id='word_1_226' title='bbox 437 2576 595 2636; x_wconf 88' lang='lat' dir='ltr'><strong>laudantur</strong></span> <span class='ocrx_word' id='word_1_227' title='bbox 618 2575 708 2636; x_wconf 89' lang='lat' dir='ltr'><strong>verba</strong></span> <span class='ocrx_word' id='word_1_228' title='bbox 733 2573 888 2652; x_wconf 79' lang='lat' dir='ltr'><strong>Kupillou</strong></span> <span class='ocrx_word' id='word_1_229' title='bbox 916 2573 951 2636; x_wconf 86' lang='grc' dir='ltr'><strong>ἐκ</strong></span> <span class='ocrx_word' id='word_1_230' title='bbox 974 2576 1032 2636; x_wconf 84' lang='grc' dir='ltr'><strong>τοῦ</strong></span> <span class='ocrx_word' id='word_1_231' title='bbox 1057 2571 1137 2635; x_wconf 86' lang='grc' dir='ltr'>κατὰ</span> <span class='ocrx_word' id='word_1_232' title='bbox 1160 2576 1226 2637; x_wconf 82' lang='grc' dir='ltr'><strong>τῶν</strong></span> <span class='ocrx_word' id='word_1_233' title='bbox 1250 2570 1378 2638; x_wconf 87' lang='grc' dir='ltr'>Ἰουλια-</span> 
     </span>
     <span class='ocr_line' id='line_1_23' title="bbox 226 2677 1378 2766; baseline 0.003 -26"><span class='ocrx_word' id='word_1_234' title='bbox 226 2682 285 2741; x_wconf 86' lang='grc' dir='ltr'><strong>νοῡ</strong></span> <span class='ocrx_word' id='word_1_235' title='bbox 307 2677 477 2756; x_wconf 83' lang='grc' dir='ltr'>δογμάτων</span> <span class='ocrx_word' id='word_1_236' title='bbox 502 2679 623 2759; x_wconf 85' lang='grc' dir='ltr'>βιβλίου</span> <span class='ocrx_word' id='word_1_237' title='bbox 646 2678 754 2758; x_wconf 88' lang='grc' dir='ltr'>τρίτου</span> <span class='ocrx_word' id='word_1_238' title='bbox 778 2677 843 2742; x_wconf 89' lang='grc' dir='ltr'><strong>ἀπὸ</strong></span> <span class='ocrx_word' id='word_1_239' title='bbox 863 2678 963 2756; x_wconf 87' lang='grc' dir='ltr'>λόγου</span> <span class='ocrx_word' id='word_1_240' title='bbox 987 2677 1180 2742; x_wconf 81' lang='grc' dir='ltr'>δωδεκάτου.</span> <span class='ocrx_word' id='word_1_241' title='bbox 1214 2682 1256 2743; x_wconf 85' lang='lat' dir='ltr'><strong>Cl.</strong></span> <span class='ocrx_word' id='word_1_242' title='bbox 1275 2682 1378 2766; x_wconf 84' lang='lat' dir='ltr'><strong>blansi,</strong></span> 
     </span>
     <span class='ocr_line' id='line_1_24' title="bbox 224 2784 1377 2866; baseline 0.003 -19"><span class='ocrx_word' id='word_1_243' title='bbox 224 2805 263 2847; x_wconf 89' lang='lat' dir='ltr'><strong>ss.</strong></span> <span class='ocrx_word' id='word_1_244' title='bbox 296 2788 400 2849; x_wconf 90' lang='lat' dir='ltr'><strong>concil.</strong></span> <span class='ocrx_word' id='word_1_245' title='bbox 435 2807 509 2848; x_wconf 89' lang='lat' dir='ltr'><strong>nora</strong></span> <span class='ocrx_word' id='word_1_246' title='bbox 543 2787 608 2849; x_wconf 91' lang='lat' dir='ltr'><strong>coll.</strong></span> <span class='ocrx_word' id='word_1_247' title='bbox 636 2786 677 2847; x_wconf 89' lang='lat' dir='ltr'><strong>Xl</strong></span> <span class='ocrx_word' id='word_1_248' title='bbox 710 2807 736 2866; x_wconf 94' lang='lat' dir='ltr'><strong>p.</strong></span> <span class='ocrx_word' id='word_1_249' title='bbox 761 2784 825 2848; x_wconf 85' lang='grc'><strong>409</strong></span> <span class='ocrx_word' id='word_1_250' title='bbox 841 2787 873 2848; x_wconf 87' lang='lat' dir='ltr'><strong>D.</strong></span> <span class='ocrx_word' id='word_1_251' title='bbox 925 2788 979 2849; x_wconf 87' lang='lat' dir='ltr'><strong>Cui</strong></span> <span class='ocrx_word' id='word_1_252' title='bbox 1012 2789 1148 2849; x_wconf 90' lang='lat' dir='ltr'><strong>divisioni</strong></span> <span class='ocrx_word' id='word_1_253' title='bbox 1186 2788 1377 2850; x_wconf 90' lang='lat' dir='ltr'><strong>tribuendum</strong></span> 
     </span>
     <span class='ocr_line' id='line_1_25' title="bbox 225 2892 1377 2975; baseline 0.003 -23"><span class='ocrx_word' id='word_1_254' title='bbox 225 2895 289 2953; x_wconf 86' lang='lat' dir='ltr'><strong>siue</strong></span> <span class='ocrx_word' id='word_1_255' title='bbox 311 2892 418 2975; x_wconf 87' lang='lat' dir='ltr'><strong>dubio,</strong></span> <span class='ocrx_word' id='word_1_256' title='bbox 447 2893 527 2973; x_wconf 87' lang='lat' dir='ltr'><strong>quod</strong></span> <span class='ocrx_word' id='word_1_257' title='bbox 551 2894 652 2955; x_wconf 89' lang='lat' dir='ltr'><strong>decem</strong></span> <span class='ocrx_word' id='word_1_258' title='bbox 681 2893 763 2975; x_wconf 81' lang='lat' dir='ltr'><strong>libri,</strong></span> <span class='ocrx_word' id='word_1_259' title='bbox 792 2894 821 2954; x_wconf 93' lang='lat' dir='ltr'><strong>id</strong></span> <span class='ocrx_word' id='word_1_260' title='bbox 846 2902 892 2954; x_wconf 90' lang='lat' dir='ltr'><strong>est</strong></span> <span class='ocrx_word' id='word_1_261' title='bbox 916 2893 991 2954; x_wconf 86' lang='lat' dir='ltr'><strong>duae</strong></span> <span class='ocrx_word' id='word_1_262' title='bbox 1014 2894 1157 2972; x_wconf 86' lang='lat' dir='ltr'><strong>pentades</strong></span> <span class='ocrx_word' id='word_1_263' title='bbox 1181 2895 1216 2954; x_wconf 90' lang='lat' dir='ltr'><strong>ad</strong></span> <span class='ocrx_word' id='word_1_264' title='bbox 1245 2903 1377 2956; x_wconf 89' lang='lat' dir='ltr'><strong>nostram</strong></span> 
     </span>
     <span class='ocr_line' id='line_1_26' title="bbox 226 2978 1377 3083; baseline 0.003 -23"><span class='ocrx_word' id='word_1_265' title='bbox 226 3010 430 3080; x_wconf 90' lang='lat' dir='ltr'><strong>pervenerunt</strong></span> <span class='ocrx_word' id='word_1_266' title='bbox 448 3010 587 3083; x_wconf 82' lang='lat' dir='ltr'><strong>aetatem3</strong></span> <span class='ocrx_word' id='word_1_267' title='bbox 611 3003 781 3062; x_wconf 89' lang='lat' dir='ltr'><strong>constitisse</strong></span> <span class='ocrx_word' id='word_1_268' title='bbox 801 2978 900 3061; x_wconf 90' lang='lat' dir='ltr'><strong>autem</strong></span> <span class='ocrx_word' id='word_1_269' title='bbox 919 2999 1020 3080; x_wconf 83' lang='lat' dir='ltr'><strong>Cyrilli</strong></span> <span class='ocrx_word' id='word_1_270' title='bbox 1039 3019 1114 3079; x_wconf 86' lang='lat' dir='ltr'><strong>opus</strong></span> <span class='ocrx_word' id='word_1_271' title='bbox 1133 3000 1269 3078; x_wconf 91' lang='lat' dir='ltr'><strong>pluribus</strong></span> <span class='ocrx_word' id='word_1_272' title='bbox 1292 3001 1377 3063; x_wconf 88' lang='lat' dir='ltr'><strong>libris</strong></span> 
     </span>
     <span class='ocr_line' id='line_1_27' title="bbox 224 3106 1376 3189; baseline 0.002 -23"><span class='ocrx_word' id='word_1_273' title='bbox 224 3107 270 3166; x_wconf 92' lang='lat' dir='ltr'><strong>vel</strong></span> <span class='ocrx_word' id='word_1_274' title='bbox 292 3107 361 3168; x_wconf 91' lang='lat' dir='ltr'><strong>inde</strong></span> <span class='ocrx_word' id='word_1_275' title='bbox 385 3109 528 3189; x_wconf 79' lang='lat' dir='ltr'><strong>eflicitur,</strong></span> <span class='ocrx_word' id='word_1_276' title='bbox 559 3108 637 3186; x_wconf 93' lang='lat' dir='ltr'><strong>quod</strong></span> <span class='ocrx_word' id='word_1_277' title='bbox 663 3107 753 3168; x_wconf 88' lang='lat' dir='ltr'><strong>multa</strong></span> <span class='ocrx_word' id='word_1_278' title='bbox 776 3109 807 3167; x_wconf 93' lang='lat' dir='ltr'><strong>in</strong></span> <span class='ocrx_word' id='word_1_279' title='bbox 831 3106 915 3167; x_wconf 92' lang='lat' dir='ltr'><strong>libris</strong></span> <span class='ocrx_word' id='word_1_280' title='bbox 939 3109 1064 3166; x_wconf 89' lang='lat' dir='ltr'><strong>servatis</strong></span> <span class='ocrx_word' id='word_1_281' title='bbox 1091 3124 1150 3166; x_wconf 89' lang='lat' dir='ltr'><strong>non</strong></span> <span class='ocrx_word' id='word_1_282' title='bbox 1175 3109 1376 3189; x_wconf 87' lang='lat' dir='ltr'><strong>inveniuntur,</strong></span> 
     </span>
     <span class='ocr_line' id='line_1_28' title="bbox 224 3211 1375 3294; baseline 0.003 -20"><span class='ocrx_word' id='word_1_283' title='bbox 224 3233 299 3292; x_wconf 89' lang='lat' dir='ltr'><strong>quae</strong></span> <span class='ocrx_word' id='word_1_284' title='bbox 332 3214 481 3276; x_wconf 90' lang='lat' dir='ltr'><strong>dicturum</strong></span> <span class='ocrx_word' id='word_1_285' title='bbox 516 3233 547 3276; x_wconf 89' lang='lat' dir='ltr'><strong>se</strong></span> <span class='ocrx_word' id='word_1_286' title='bbox 581 3231 646 3274; x_wconf 90' lang='lat' dir='ltr'><strong>esse</strong></span> <span class='ocrx_word' id='word_1_287' title='bbox 679 3213 728 3273; x_wconf 90' lang='lat' dir='ltr'><strong>ille</strong></span> <span class='ocrx_word' id='word_1_288' title='bbox 761 3216 952 3293; x_wconf 58' lang='lat' dir='ltr'><strong>promiseram</strong></span> <span class='ocrx_word' id='word_1_289' title='bbox 984 3211 1068 3272; x_wconf 81' lang='lat' dir='ltr'><strong>verbi</strong></span> <span class='ocrx_word' id='word_1_290' title='bbox 1099 3215 1191 3290; x_wconf 90' lang='lat' dir='ltr'><strong>gratia</strong></span> <span class='ocrx_word' id='word_1_291' title='bbox 1219 3233 1246 3294; x_wconf 93' lang='lat' dir='ltr'><strong>p.</strong></span> <span class='ocrx_word' id='word_1_292' title='bbox 1267 3213 1375 3278; x_wconf 82' lang='grc'>2611).</span> 
     </span>
     <span class='ocr_line' id='line_1_29' title="bbox 224 3319 1376 3397; baseline 0.003 -17"><span class='ocrx_word' id='word_1_293' title='bbox 224 3320 348 3381; x_wconf 82' lang='lat' dir='ltr'><strong>Exstant</strong></span> <span class='ocrx_word' id='word_1_294' title='bbox 378 3330 476 3382; x_wconf 91' lang='lat' dir='ltr'><strong>autem</strong></span> <span class='ocrx_word' id='word_1_295' title='bbox 501 3323 588 3382; x_wconf 91' lang='lat' dir='ltr'><strong>etiam</strong></span> <span class='ocrx_word' id='word_1_296' title='bbox 617 3319 708 3381; x_wconf 89' lang='lat' dir='ltr'><strong>multa</strong></span> <span class='ocrx_word' id='word_1_297' title='bbox 732 3320 877 3380; x_wconf 92' lang='lat' dir='ltr'><strong>librorum</strong></span> <span class='ocrx_word' id='word_1_298' title='bbox 901 3319 1051 3380; x_wconf 87' lang='lat' dir='ltr'><strong>undecimi</strong></span> <span class='ocrx_word' id='word_1_299' title='bbox 1076 3321 1231 3397; x_wconf 91' lang='lat' dir='ltr'><strong>usquead</strong></span> <span class='ocrx_word' id='word_1_300' title='bbox 1256 3321 1376 3383; x_wconf 90' lang='lat' dir='ltr'><strong>undevi-</strong></span> 
     </span>
     <span class='ocr_line' id='line_1_30' title="bbox 225 3425 1375 3507; baseline 0.002 -19"><span class='ocrx_word' id='word_1_301' title='bbox 225 3430 369 3489; x_wconf 87' lang='lat' dir='ltr'><strong>cesimum</strong></span> <span class='ocrx_word' id='word_1_302' title='bbox 394 3429 564 3507; x_wconf 86' lang='lat' dir='ltr'><strong>lragmenta.</strong></span> <span class='ocrx_word' id='word_1_303' title='bbox 604 3427 663 3487; x_wconf 91' lang='lat' dir='ltr'><strong>lam</strong></span> <span class='ocrx_word' id='word_1_304' title='bbox 688 3445 757 3487; x_wconf 91' lang='lat' dir='ltr'><strong>vero</strong></span> <span class='ocrx_word' id='word_1_305' title='bbox 786 3429 812 3486; x_wconf 93' lang='lat' dir='ltr'><strong>si</strong></span> <span class='ocrx_word' id='word_1_306' title='bbox 835 3428 995 3505; x_wconf 91' lang='lat' dir='ltr'><strong>quinorum</strong></span> <span class='ocrx_word' id='word_1_307' title='bbox 1023 3425 1167 3486; x_wconf 92' lang='lat' dir='ltr'><strong>librorum</strong></span> <span class='ocrx_word' id='word_1_308' title='bbox 1187 3430 1375 3490; x_wconf 89' lang='lat' dir='ltr'><strong>meminimus</strong></span> 
     </span>
     <span class='ocr_line' id='line_1_31' title="bbox 226 3532 1375 3613; baseline 0.002 -18"><span class='ocrx_word' id='word_1_309' title='bbox 226 3535 458 3613; x_wconf 86' lang='lat' dir='ltr'><strong>coniunctionis,</strong></span> <span class='ocrx_word' id='word_1_310' title='bbox 485 3532 609 3595; x_wconf 92' lang='lat' dir='ltr'><strong>dubium</strong></span> <span class='ocrx_word' id='word_1_311' title='bbox 637 3553 702 3595; x_wconf 90' lang='lat' dir='ltr'><strong>esse</strong></span> <span class='ocrx_word' id='word_1_312' title='bbox 732 3553 791 3594; x_wconf 91' lang='lat' dir='ltr'><strong>non</strong></span> <span class='ocrx_word' id='word_1_313' title='bbox 823 3543 923 3613; x_wconf 88' lang='lat' dir='ltr'><strong>potest</strong></span> <span class='ocrx_word' id='word_1_314' title='bbox 952 3536 1022 3613; x_wconf 79' lang='lat' dir='ltr'><strong>quiin</strong></span> <span class='ocrx_word' id='word_1_315' title='bbox 1051 3535 1155 3613; x_wconf 88' lang='lat' dir='ltr'><strong>viginti</strong></span> <span class='ocrx_word' id='word_1_316' title='bbox 1183 3544 1264 3596; x_wconf 87' lang='lat' dir='ltr'><strong>carte</strong></span> <span class='ocrx_word' id='word_1_317' title='bbox 1291 3535 1375 3597; x_wconf 90' lang='lat' dir='ltr'><strong>libris</strong></span> 
     </span>
     <span class='ocr_line' id='line_1_32' title="bbox 226 3640 1374 3721; baseline 0.002 -19"><span class='ocrx_word' id='word_1_318' title='bbox 226 3642 396 3702; x_wconf 89' lang='lat' dir='ltr'><strong>constiterit</strong></span> <span class='ocrx_word' id='word_1_319' title='bbox 419 3640 520 3720; x_wconf 81' lang='lat' dir='ltr'><strong>Cyrilli</strong></span> <span class='ocrx_word' id='word_1_320' title='bbox 548 3660 632 3721; x_wconf 90' lang='lat' dir='ltr'><strong>opus.</strong></span> <span class='ocrx_word' id='word_1_321' title='bbox 670 3641 755 3712; x_wconf 84' lang='lat' dir='ltr'><strong>Quod</strong></span> <span class='ocrx_word' id='word_1_322' title='bbox 784 3648 883 3702; x_wconf 92' lang='lat' dir='ltr'><strong>autem</strong></span> <span class='ocrx_word' id='word_1_323' title='bbox 912 3649 973 3702; x_wconf 86' lang='lat' dir='ltr'><strong>tres</strong></span> <span class='ocrx_word' id='word_1_324' title='bbox 996 3640 1101 3702; x_wconf 90' lang='lat' dir='ltr'><strong>luliani</strong></span> <span class='ocrx_word' id='word_1_325' title='bbox 1123 3641 1216 3702; x_wconf 90' lang='lat' dir='ltr'><strong>libros</strong></span> <span class='ocrx_word' id='word_1_326' title='bbox 1244 3644 1374 3704; x_wconf 84' lang='lat' dir='ltr'><strong>refutare</strong></span> 
     </span>
     <span class='ocr_line' id='line_1_33' title="bbox 225 3747 1374 3829; baseline 0.002 -21"><span class='ocrx_word' id='word_1_327' title='bbox 225 3747 282 3808; x_wconf 91' lang='lat' dir='ltr'><strong>sibi</strong></span> <span class='ocrx_word' id='word_1_328' title='bbox 300 3756 497 3827; x_wconf 89' lang='lat' dir='ltr'><strong>proposuerat</strong></span> <span class='ocrx_word' id='word_1_329' title='bbox 520 3747 647 3827; x_wconf 81' lang='lat' dir='ltr'><strong>Cyrillus</strong></span> <span class='ocrx_word' id='word_1_330' title='bbox 671 3755 700 3808; x_wconf 91' lang='lat' dir='ltr'><strong>et</strong></span> <span class='ocrx_word' id='word_1_331' title='bbox 729 3748 807 3826; x_wconf 91' lang='lat' dir='ltr'><strong>quod</strong></span> <span class='ocrx_word' id='word_1_332' title='bbox 835 3747 927 3808; x_wconf 91' lang='lat' dir='ltr'><strong>libros</strong></span> <span class='ocrx_word' id='word_1_333' title='bbox 955 3750 1084 3827; x_wconf 88' lang='lat' dir='ltr'><strong>primum</strong></span> <span class='ocrx_word' id='word_1_334' title='bbox 1108 3766 1203 3829; x_wconf 90' lang='lat' dir='ltr'><strong>usque</strong></span> <span class='ocrx_word' id='word_1_335' title='bbox 1232 3749 1266 3809; x_wconf 89' lang='lat' dir='ltr'><strong>ad</strong></span> <span class='ocrx_word' id='word_1_336' title='bbox 1296 3749 1374 3811; x_wconf 93' lang='lat' dir='ltr'><strong>deci-</strong></span> 
     </span>
     <span class='ocr_line' id='line_1_34' title="bbox 225 3853 1375 3942; baseline 0.002 -28"><span class='ocrx_word' id='word_1_337' title='bbox 225 3871 306 3914; x_wconf 90' lang='lat' dir='ltr'><strong>mum</strong></span> <span class='ocrx_word' id='word_1_338' title='bbox 334 3873 394 3914; x_wconf 91' lang='lat' dir='ltr'><strong>non</strong></span> <span class='ocrx_word' id='word_1_339' title='bbox 422 3856 561 3934; x_wconf 90' lang='lat' dir='ltr'><strong>opposuit</strong></span> <span class='ocrx_word' id='word_1_340' title='bbox 589 3855 646 3914; x_wconf 90' lang='lat' dir='ltr'><strong>nisi</strong></span> <span class='ocrx_word' id='word_1_341' title='bbox 678 3855 774 3932; x_wconf 92' lang='lat' dir='ltr'><strong>primo</strong></span> <span class='ocrx_word' id='word_1_342' title='bbox 797 3853 901 3914; x_wconf 90' lang='lat' dir='ltr'><strong>Iuliani</strong></span> <span class='ocrx_word' id='word_1_343' title='bbox 931 3853 1020 3935; x_wconf 78' lang='lat' dir='ltr'><strong>libro,</strong></span> <span class='ocrx_word' id='word_1_344' title='bbox 1049 3855 1127 3934; x_wconf 91' lang='lat' dir='ltr'><strong>quod</strong></span> <span class='ocrx_word' id='word_1_345' title='bbox 1156 3854 1283 3933; x_wconf 87' lang='lat' dir='ltr'><strong>denique</strong></span> <span class='ocrx_word' id='word_1_346' title='bbox 1302 3859 1375 3942; x_wconf 25' lang='lat' dir='ltr'><strong>&#39;veri</strong></span> 
     </span>
    </p>

    <p class='ocr_par' dir='ltr' id='par_1_3' title="bbox 197 3958 1373 4147">
     <span class='ocr_line' id='line_1_35' title="bbox 226 3958 1373 4038; baseline 0.002 -18"><span class='ocrx_word' id='word_1_347' title='bbox 226 3960 320 4020; x_wconf 90' lang='lat' dir='ltr'><strong>simile</strong></span> <span class='ocrx_word' id='word_1_348' title='bbox 349 3968 395 4021; x_wconf 89' lang='lat' dir='ltr'><strong>cst</strong></span> <span class='ocrx_word' id='word_1_349' title='bbox 422 3959 506 4020; x_wconf 89' lang='lat' dir='ltr'><strong>libris</strong></span> <span class='ocrx_word' id='word_1_350' title='bbox 540 3958 697 4021; x_wconf 87' lang='lat' dir='ltr'><strong>undecimo</strong></span> <span class='ocrx_word' id='word_1_351' title='bbox 726 3977 820 4038; x_wconf 90' lang='lat' dir='ltr'><strong>usque</strong></span> <span class='ocrx_word' id='word_1_352' title='bbox 854 3958 889 4018; x_wconf 92' lang='lat' dir='ltr'><strong>ad</strong></span> <span class='ocrx_word' id='word_1_353' title='bbox 919 3961 1091 4021; x_wconf 88' lang='lat' dir='ltr'><strong>vicesimum</strong></span> <span class='ocrx_word' id='word_1_354' title='bbox 1123 3979 1183 4022; x_wconf 91' lang='lat' dir='ltr'><strong>uon</strong></span> <span class='ocrx_word' id='word_1_355' title='bbox 1211 3962 1373 4022; x_wconf 82' lang='lat' dir='ltr'><strong>refutatum</strong></span> 
     </span>
     <span class='ocr_line' id='line_1_36' title="bbox 197 4043 1373 4147; baseline 0.001 -20"><span class='ocrx_word' id='word_1_356' title='bbox 197 4043 201 4050; x_wconf 38' lang='grc'><strong><em>’</em></strong></span> <span class='ocrx_word' id='word_1_357' title='bbox 226 4085 291 4127; x_wconf 88' lang='lat' dir='ltr'><strong>esse</strong></span> <span class='ocrx_word' id='word_1_358' title='bbox 319 4068 377 4127; x_wconf 89' lang='lat' dir='ltr'><strong>uisi</strong></span> <span class='ocrx_word' id='word_1_359' title='bbox 404 4065 530 4127; x_wconf 88' lang='lat' dir='ltr'><strong>alterum</strong></span> <span class='ocrx_word' id='word_1_360' title='bbox 562 4065 641 4127; x_wconf 91' lang='lat' dir='ltr'><strong>illius</strong></span> <span class='ocrx_word' id='word_1_361' title='bbox 668 4064 791 4146; x_wconf 87' lang='lat' dir='ltr'><strong>librum,</strong></span> <span class='ocrx_word' id='word_1_362' title='bbox 824 4065 854 4126; x_wconf 94' lang='lat' dir='ltr'><strong>id</strong></span> <span class='ocrx_word' id='word_1_363' title='bbox 882 4066 960 4145; x_wconf 91' lang='lat' dir='ltr'><strong>quod</strong></span> <span class='ocrx_word' id='word_1_364' title='bbox 992 4069 1022 4128; x_wconf 92' lang='lat' dir='ltr'><strong>in</strong></span> <span class='ocrx_word' id='word_1_365' title='bbox 1052 4068 1144 4129; x_wconf 89' lang='lat' dir='ltr'><strong>altero</strong></span> <span class='ocrx_word' id='word_1_366' title='bbox 1173 4070 1267 4147; x_wconf 86' lang='lat' dir='ltr'><strong>capite</strong></span> <span class='ocrx_word' id='word_1_367' title='bbox 1301 4069 1373 4129; x_wconf 91' lang='lat' dir='ltr'><strong>mihi</strong></span> 
     </span>
    </p>
   </div>
   <div class='ocr_carea' id='block_1_3' title="bbox 227 4308 1371 4469">
    <p class='ocr_par' dir='ltr' id='par_1_4' title="bbox 227 4308 1371 4469">
     <span class='ocr_line' id='line_1_37' title="bbox 297 4308 1371 4380; baseline 0.003 -18"><span class='ocrx_word' id='word_1_368' title='bbox 297 4310 323 4378; x_wconf 93' lang='lat'><strong>1)</strong></span> <span class='ocrx_word' id='word_1_369' title='bbox 342 4309 472 4364; x_wconf 81' lang='lat' dir='ltr'><strong>Codieem</strong></span> <span class='ocrx_word' id='word_1_370' title='bbox 493 4308 736 4363; x_wconf 66' lang='lat' dir='ltr'><strong>12400dici2123</strong></span> <span class='ocrx_word' id='word_1_371' title='bbox 760 4326 819 4363; x_wconf 88' lang='lat' dir='ltr'><strong>esse</strong></span> <span class='ocrx_word' id='word_1_372' title='bbox 838 4310 1031 4380; x_wconf 82' lang='lat' dir='ltr'><strong>apographum</strong></span> <span class='ocrx_word' id='word_1_373' title='bbox 1052 4310 1082 4365; x_wconf 90' lang='lat' dir='ltr'><strong>iu</strong></span> <span class='ocrx_word' id='word_1_374' title='bbox 1105 4310 1190 4365; x_wconf 84' lang='lat' dir='ltr'><strong>tertio</strong></span> <span class='ocrx_word' id='word_1_375' title='bbox 1203 4311 1301 4380; x_wconf 77' lang='lat' dir='ltr'><strong>capite</strong></span> <span class='ocrx_word' id='word_1_376' title='bbox 1324 4311 1371 4366; x_wconf 88' lang='lat' dir='ltr'><strong>de-</strong></span> 
     </span>
     <span class='ocr_line' id='line_1_38' title="bbox 227 4396 1180 4469; baseline 0.001 -18"><span class='ocrx_word' id='word_1_377' title='bbox 227 4399 390 4452; x_wconf 82' lang='lat' dir='ltr'><strong>monstrabo</strong></span> <span class='ocrx_word' id='word_1_378' title='bbox 408 4397 444 4451; x_wconf 89' lang='lat' dir='ltr'><strong>iis</strong></span> <span class='ocrx_word' id='word_1_379' title='bbox 461 4413 533 4465; x_wconf 87' lang='lat' dir='ltr'><strong>quae</strong></span> <span class='ocrx_word' id='word_1_380' title='bbox 552 4396 683 4467; x_wconf 85' lang='lat' dir='ltr'><strong>redargui</strong></span> <span class='ocrx_word' id='word_1_381' title='bbox 701 4415 757 4453; x_wconf 90' lang='lat' dir='ltr'><strong>non</strong></span> <span class='ocrx_word' id='word_1_382' title='bbox 775 4415 856 4468; x_wconf 86' lang='lat' dir='ltr'><strong>posse</strong></span> <span class='ocrx_word' id='word_1_383' title='bbox 876 4399 984 4454; x_wconf 86' lang='lat' dir='ltr'><strong>confido</strong></span> <span class='ocrx_word' id='word_1_384' title='bbox 1003 4398 1180 4469; x_wconf 80' lang='lat' dir='ltr'><strong>argumentis.</strong></span> 
     </span>
    </p>
   </div>
   <div class='ocr_carea' id='block_1_4' title="bbox 0 0 1602 4904">
    <p class='ocr_par' dir='ltr' id='par_1_5' title="bbox 0 0 1602 4904">
     <span class='ocr_line' id='line_1_39' title="bbox 0 0 1602 4904; baseline 0 2"><span class='ocrx_word' id='word_1_385' title='bbox 0 0 1602 4904; x_wconf 95' lang='lat' dir='ltr'><strong> </strong></span> 
     </span>
    </p>
   </div>
  </div>
 </body>
</html>
