3194 4904
749 285 840 354 caput
857 285 877 339 I.

461 499 626 584 Digressio
651 498 689 565 do
712 501 819 565 aetate
843 499 975 565 Macarit
997 499 1165 582 Magnetis.

330 647 467 710 Ostendit
494 646 669 707 Theodorus
699 647 779 707 Zabu
814 649 1063 708 commentatione
1096 665 1150 706 sua
1182 646 1334 706 doctrinae
1363 656 1393 706 et

241 743 335 816 bonae
364 756 459 832 frugis
485 752 587 833 plena,
619 772 693 832 quae
722 760 818 812 exstat
846 755 876 812 iu
899 751 1033 831 Briegeri
1060 752 1214 812 annalibus
1241 751 1392 812 historicis

243 862 452 924 ecclesiasticis
481 858 536 920 vol.
561 859 595 919 ll.
619 857 639 920 3
663 878 691 938 p.
710 854 776 920 452
791 877 854 937 sqq.
881 856 981 939 1818,
1011 861 1156 938 scripturn
1184 877 1249 919 esse
1273 859 1393 919 Macarii

171 982 173 986 '
242 969 386 1048 Magnetis
415 967 608 1047 apocriticum
633 968 712 1026 circa
741 967 854 1026 exitum
883 964 993 1026 saeculi
1017 969 1122 1044 quarti.
1159 967 1262 1044 Neque
1285 968 1393 1027 iniuria
1429 1006 1433 1012 -

242 1078 326 1157 dicit,
350 1077 375 1135 si
394 1072 579 1154 exploratum
599 1080 678 1133 esset
697 1079 824 1153 tempus,
848 1091 906 1151 quo
926 1071 1056 1151 Babylon
1075 1071 1263 1154 Assyriorum
1284 1082 1391 1134 metro-

242 1182 318 1264 polis
346 1202 362 1242 a
390 1181 491 1242 Persis
518 1189 629 1242 vastata
658 1189 751 1261 essct,
783 1180 847 1240 fore
876 1186 910 1240 ut
942 1187 1073 1240 statuere
1101 1182 1264 1262 possimus,
1292 1189 1392 1242 utrum

243 1293 322 1351 circa
342 1307 451 1349 annum
471 1283 537 1348 390
555 1305 592 1348 an
611 1283 677 1347 410
699 1286 792 1347 libros
811 1303 882 1346 suos
900 1285 1045 1346 Macarius
1065 1289 1285 1366 conscripserit.
1319 1287 1393 1347 Nam

243 1396 280 1456 de
304 1394 459 1474 Rabylonis
482 1395 645 1454 vastatione
669 1394 872 1453 recentissima
897 1395 957 1470 egit
979 1391 1125 1453 Macarius
1148 1393 1186 1454 Vl
1206 1391 1244 1455 11
1270 1414 1299 1474 p.
1320 1391 1392 1475 170,

246 1500 288 1564 10
302 1521 379 1581 sqq:
402 1499 493 1576 μέχρι
515 1501 574 1560 τοῦ
597 1501 657 1562 νῦν
683 1498 821 1575 βαςιλικὴ
845 1499 911 1558 τῶν
932 1494 1099 1576 Ἀςςορίων
1126 1497 1319 1576 μητρόπολις
1342 1499 1394 1573 γε’-

242 1627 341 1684 γονεν
363 1607 383 1684 ἡ
406 1605 586 1682 καλουμένη
613 1603 776 1684 Βαβυλὼν,
801 1602 1006 1667 ὀκτακοςίονς
1030 1605 1082 1666 καὶ
1106 1607 1305 1683 πεντήκοντα
1324 1625 1393 1668 (τα-

244 1715 331 1778 οίοας
355 1714 391 1778 ἐν
414 1713 519 1796 κύκλῳ
543 1714 772 1791 περιβαλοῦςα,
806 1707 868 1774 εἶτ’
892 1711 945 1774 ἐπὶ
974 1713 1175 1789 πεντήκοντα
1204 1714 1315 1790 πήχεις
1337 1716 1396 1776 τοῦ

243 1819 417 1900 περιβόλου
440 1819 478 1882 τὸ
502 1817 624 1882 πλάτος
647 1817 818 1896 εὐρύναςα,
848 1818 899 1881 καὶ
922 1817 1100 1881 διακοςίους
1123 1818 1175 1881 καὶ
1198 1820 1396 1898 πεντήκοντα
1437 1887 1439 1892 ,

243 1926 281 1990 τὸ
304 1925 389 2004 ὕψος
412 1925 568 2005 ἐπάραςα,
593 1923 715 2004 ἄμαχός
737 1945 784 1988 τις
808 1923 886 1988 οὖςα
909 1925 960 1987 καὶ
984 1922 1165 2004 ἀνάλωτος,
1191 1925 1344 2004 δεύτερον
1368 1923 1396 1989 δ’

245 2032 308 2098 ὑπὸ
318 2030 343 2117 1)
368 2035 502 2111 l'lspcdrv
528 2033 725 2111 ἐρημωθεῖεα
748 2028 818 2095 οὐδ’
839 2029 930 2109 ἴχνος
954 2035 1010 2110 τῆς
1034 2034 1171 2096 παλαιᾶς
1195 2031 1397 2110 εὐδαιμονίας

151 2207 154 2211 .
245 2141 345 2208 ςώζει.
381 2143 442 2204 lam
461 2161 531 2203 vero
550 2141 680 2222 Babylon
700 2150 764 2203 erat
783 2141 912 2222 deserta,
930 2149 1088 2221 postquam
1108 2161 1123 2202 a
1142 2141 1268 2203 Traiano
1287 2150 1397 2204 vastata

246 2260 291 2312 est
311 2258 340 2311 et
359 2249 395 2310 ab
414 2247 523 2310 Avidio
543 2248 643 2309 Cassio
668 2248 802 2309 funditus
822 2267 939 2330 eversa3
962 2249 1108 2311 Macarius
1127 2257 1225 2310 autem
1246 2267 1300 2309 suo
1324 2256 1396 2309 tem-

245 2376 318 2438 pore
341 2357 447 2417 urbem
471 2356 507 2415 de
532 2374 589 2434 qua
613 2357 673 2434 egit
696 2355 824 2415 dirutam
849 2373 914 2416 esse
942 2355 1064 2416 tradidit
1086 2366 1184 2435 neque
1209 2373 1224 2414 a
1248 2354 1398 2436 Romanis,

247 2463 299 2524 sed
322 2481 338 2523 a
361 2462 469 2522 Persis.
507 2461 588 2533 Quae
608 2480 675 2522 cum
699 2463 739 2521 ita
759 2463 828 2542 sint,
852 2461 1026 2523 statuendus
1047 2470 1092 2522 est
1116 2461 1285 2522 confudisse
1305 2460 1397 2543 Raby-

246 2570 345 2630 lonem
368 2577 398 2630 et
417 2567 639 2648 Ctesiphontem
663 2567 804 2647 loquendi
824 2587 906 2629 more
926 2569 1079 2630 adductus
1119 2567 1280 2648 Ctesiphon
1299 2576 1398 2628 autem

247 2676 406 2736 Persarum
435 2684 523 2754 caput
551 2693 567 2734 a
590 2675 690 2736 Persis
721 2677 829 2736 vastari
856 2694 916 2735 non
944 2679 1041 2755 potuit
1070 2678 1128 2736 nisi
1158 2684 1223 2736 orto
1251 2674 1329 2736 bello
1355 2677 1399 2735 in-

248 2785 366 2845 testino.
403 2782 465 2843 lam
484 2801 553 2842 vero
577 2782 650 2842 baec
675 2785 868 2843 inveniuntur
892 2783 969 2862 apud
991 2783 1073 2844 Amri
1095 2782 1340 2862 interpolatorem
1363 2783 1399 2842 de

248 2891 364 2951 Achaeo
379 2889 579 2970 Ctesiphontis
599 2892 738 2970 episcopo
754 2885 922 2971 (Assemani
941 2889 1010 2950 bibl.
1030 2891 1136 2950 orient.
1151 2887 1224 2949 llll
1245 2909 1273 2968 p.
1285 2881 1400 2972 369a):
1441 2904 1447 2911 ·

144 3061 149 3069 ,
249 2994 410 3058 ‘Achaeum
439 2996 631 3075 lezdegerdes
660 2996 803 3075 singulari
834 2995 1039 3057 benevolentia
1069 2995 1333 3076 complectebatur,
1370 3005 1400 3057 et

248 3103 346 3184 paullo
379 3111 446 3181 post
479 3111 663 3182 assumptum
692 3105 894 3182 episcopatum
922 3105 953 3163 in
980 3102 1133 3164 Persidem
1162 3122 1229 3164 eum
1258 3101 1401 3180 ablegavit

249 3211 285 3270 ad
305 3209 508 3289 componenda
527 3209 671 3288 quaedam
690 3211 788 3288 magni
812 3211 954 3270 momenti
973 3209 1108 3290 dissidia,
1128 3227 1202 3288 quae
1226 3211 1283 3288 ipsi
1303 3207 1400 3268 lezde-

250 3317 332 3397 gordi
352 3335 421 3377 cum
439 3315 551 3377 Biburo
572 3317 691 3395 Saporis
710 3309 802 3394 fi1102)
823 3335 936 3395 suoque
956 3334 1097 3394 germano
1116 3315 1248 3377 Persidis
1265 3317 1400 3395 principe

251 3431 443 3484 emerserant.
489 3422 562 3482 llluc
589 3424 689 3501 itaque
719 3423 871 3502 profectus
905 3421 1038 3482 Achaeus
1072 3425 1223 3501 negotium
1255 3440 1310 3502 pro
1342 3440 1401 3500 quo

250 3531 364 3608 legatus
393 3529 503 3608 luerat,
537 3546 573 3587 ex
601 3530 747 3589 sententia
777 3523 944 3606 expedivit'.
987 3503 1153 3608 Episcopus
1182 3538 1280 3591 autem
1309 3529 1400 3590 Ctesi·

251 3635 371 3716 phontis
391 3643 455 3695 crat
468 3633 602 3695 Achaeus
622 3634 657 3694 ab
677 3652 753 3694 anno
773 3632 836 3696 411
858 3653 953 3713 usque
973 3635 1010 3696 ad
1030 3654 1139 3696 annum
1159 3633 1224 3698 416
1244 3634 1295 3714 (cl.
1314 3636 1400 3696 Asse-

252 3745 330 3802 mani
358 3740 439 3803 llll
469 3761 497 3821 p.
522 3738 609 3802 369³
632 3735 702 3824 111);
734 3744 833 3820 itaque
867 3760 926 3802 non
963 3742 1055 3803 multo
1087 3750 1156 3822 post
1192 3761 1302 3804 annum
1335 3739 1398 3803 411

252 3851 398 3929 legatione
422 3850 543 3910 functus
562 3857 615 3910 est.
652 3848 724 3911 lnde
744 3842 950 3931 autemf'quod
971 3867 1047 3910 anno
1067 3847 1132 3910 410
1154 3850 1284 3930 synodus
1303 3848 1402 3910 habita

255 3991 468 4000 ...ψ-...-

325 4058 351 4125 1)
371 4058 400 4112 δ’
419 4056 483 4111 aute
503 4057 558 4110 ὑπὸ
577 4055 676 4111 adieci.

325 4147 352 4215 2)
372 4144 423 4200 Cui
440 4163 496 4200 non
514 4146 618 4200 Biburo
639 4162 740 4200 nomen
761 4145 860 4214 fuisse,
886 4144 934 4200 sed
952 4147 1088 4200 Behwaro
1111 4146 1157 4199 vel
1176 4146 1329 4202 Bethdbo
1353 4147 1402 4202 ad-

253 4235 364 4289 notavit
377 4231 522 4290 Noeldeke
541 4253 567 4288 v.
582 4231 632 4302 ill,
651 4232 819 4288 Geschichtc
838 4233 887 4288 der
901 4235 999 4290 Perser
1017 4235 1074 4289 und
1088 4235 1195 4289 Araber
1214 4253 1261 4288 zur
1276 4235 1336 4290 Zeit
1354 4235 1403 4290 der

255 4324 417 4378 Sosaniden.
463 4325 520 4378 Aus
548 4324 597 4377 der
624 4324 796 4378 Arabischen
825 4322 949 4378 Chronik
977 4316 1025 4379 des
1053 4323 1157 4379 Tabari
1186 4324 1326 4379 ubersetzt
1349 4326 1401 4379 etc.

255 4414 368 4484 Leyden
389 4418 456 4468 1879
475 4431 502 4494 p.
524 4417 557 4468 75
577 4413 640 4468 adu.
659 4431 687 4483 p.
707 4419 781 4468 4362.
800 4413 863 4470 adu.
885 4417 926 4466 10.
