3194 4904
219 264 263 327 40
308 333 312 340 ‚
728 259 820 330 Caput
837 259 858 313 1.

219 430 436 491 ostendendum
460 429 530 508 erit,
558 429 677 506 triginta
702 415 811 487 c'enseo
835 427 1003 486 constitisse
1026 424 1111 485 libris
1134 431 1243 485 vastam
1267 422 1367 503 Cyriili

220 537 436 597 refutationem.
475 535 659 613 Quamquam
683 532 780 594 obstat
804 552 837 593 ea
862 551 919 614 rea,
943 531 1022 612 quod
1046 533 1209 611 fragmenta
1232 530 1368 610 pentadis

221 662 317 723 neque
351 645 470 722 quintae
499 660 596 720 neque
630 648 730 701 sextae
759 648 928 720 supersunt.
970 640 1163 700 Notissimum
1196 646 1295 698 autem
1323 645 1369 698 est

220 753 294 811 tanti
322 751 421 829 operis
445 748 611 829 descriptos
635 766 701 808 esse
734 757 765 807 et
797 747 890 807 lectos
917 747 1092 827 plerumque
1120 747 1233 826 primos
1260 743 1365 825 libros;

220 875 317 935 neque
350 855 494 916 absonum
530 863 575 914 est
608 856 733 933 primam
766 853 907 913 decadem
939 855 1084 932 integram
1116 859 1260 913 servatam
1294 869 1369 931 esse,

221 964 343 1025 alterius
366 962 402 1022 ad
426 981 481 1023 nos
504 961 644 1022 nonnulla
663 963 834 1040 pervenisse
859 962 1031 1042 fragmenta,
1058 961 1162 1022 tertiae
1187 957 1300 1019 nullum
1320 977 1367 1018 er·

222 1080 300 1132 stare
323 1071 479 1148 vestigium
488 1062 522 1150 ¹).
563 1069 624 1128 Iam
648 1085 718 1128 vero
746 1067 888 1146 pentades
912 1069 999 1128 tertia
1023 1074 1053 1127 et
1081 1075 1186 1146 quarta
1215 1064 1369 1126 exstabant

221 1180 310 1238 etiam
338 1175 522 1255 temporibus
548 1176 667 1236 loannis
693 1175 879 1254 Damasceni,
911 1176 962 1254 qui
990 1174 1068 1234 diem
1096 1191 1268 1260 supremum
1298 1172 1371 1233 obiit

221 1287 300 1346 circa
324 1302 434 1344 annum
459 1279 536 1364 7603
560 1284 707 1343 exstitisse
732 1300 783 1366 eas
801 1283 888 1341 etiam
913 1300 991 1341 nono
1014 1281 1133 1341 saeculo
1152 1280 1251 1341 Photii
1274 1288 1369 1340 aetate

221 1392 299 1452 infra
332 1389 525 1469 comprobare
559 1387 692 1451 studebo.
744 1386 878 1448 Librario
913 1395 1012 1465 autem
1041 1389 1068 1447 ei
1101 1389 1152 1467 qui
1186 1405 1261 1448 saec.
1294 1384 1370 1446 Xlil.

222 1498 356 1559 codicem
393 1499 513 1577 scripsit
541 1496 723 1557 Marcianum
754 1492 816 1555 123
849 1503 968 1575 praesto
1001 1514 1060 1556 non
1089 1502 1182 1556 erant.
1229 1494 1303 1554 Nam
1334 1492 1370 1553 ad

222 1624 420 1701 fragmentum
439 1620 544 1683 iuliani
563 1641 591 1700 p.
606 1618 706 1682 26113
730 1623 760 1681 in
785 1622 917 1699 margine
942 1618 1090 1680 adnotavit
1114 1593 1207 1681 haec:⁵
1219 1600 1267 1682 {a
1292 1614 1326 1702 (i.
1346 1638 1370 1680 e.

223 1723 365 1811 cnaeiov)
389 1724 439 1789 ὅτι
462 1726 513 1789 καὶ
532 1725 686 1803 δεύτερον
712 1724 834 1804 βιβλίον
857 1723 876 1788 ὁ
896 1721 1056 1802 ἀλιτήριος
1079 1723 1211 1802 ἔγραψε.
1245 1725 1296 1788 καὶ
1318 1728 1371 1803 Ζη-

221 1835 298 1898 τέον
326 1828 411 1918 (sici)
439 1832 490 1895 καὶ
517 1831 574 1896 τὰ(
596 1832 678 1909 π’ρό(
706 1831 785 1895 αὐτὸ
813 1835 871 1896 τοῦ
899 1809 1203 1911 πρῐ”ἀντιρρήεειε.
1240 1835 1370 1894 Tertiam
1432 1873 1437 1878 -

222 1953 321 2007 autem
339 1942 479 2004 decadem
500 1944 588 2002 etiam
608 1941 715 2002 Suidae
740 1940 924 2020 temporibus
944 1943 1093 2002 exstitisse
1112 1960 1149 2001 ne
1169 1950 1232 2002 tum
1252 1941 1370 2020 quidem

221 2071 276 2132 pro
300 2060 383 2112 certo
407 2051 556 2111 adfirmari
577 2048 656 2130 iicet,
680 2051 810 2109 sirecte
834 2055 931 2109 statuo
956 2048 1060 2108 iuliani
1083 2047 1181 2127 verba,
1205 2066 1280 2128 quae
1304 2067 1326 2110 s.
1344 2067 1390 2116 v„

223 2154 362 2220 ἀπόνοια
389 2158 438 2218 iiie
467 2157 565 2236 affert,
599 2174 634 2215 ex
662 2157 751 2216 tertio
781 2162 884 2215 contra
912 2154 1095 2215 Christianos
1123 2153 1199 2214 libro
1227 2174 1293 2216 esse
1322 2155 1370 2215 de·

223 2273 368 2344 prompta.
406 2263 590 2342 Quamquam
609 2264 688 2322 enim
706 2260 736 2322 id
756 2261 879 2323 dubium
899 2271 1032 2342 nonest,
1052 2263 1123 2341 quin
1143 2280 1202 2322 non
1222 2281 1257 2323 ex
1277 2264 1371 2343 ipsius

223 2373 322 2452 operis
340 2370 464 2431 iulianei
487 2368 603 2449 codice,
627 2367 679 2428 sed
699 2387 733 2428 ex
753 2368 933 2429 refutatione
957 2369 1081 2447 quadam
1102 2371 1161 2430 sint
1184 2369 1372 2449 deprompta:

223 2481 309 2541 cuius
332 2479 423 2539 fuerit
446 2477 518 2538 haec
542 2476 680 2537 refutatio
704 2477 883 2555 ignoramus.

311 2584 372 2645 iam
396 2603 466 2645 vero
489 2583 571 2663 inda,
599 2582 678 2663 quod
702 2602 718 2644 a
742 2582 842 2664 Moyse
865 2583 1031 2665 barcepha,
1060 2587 1112 2664 qni
1136 2584 1191 2646 fuit
1215 2587 1372 2666 episcopus

296 2777 323 2844 1)
342 2775 379 2829 lis
398 2792 468 2844 quae
487 2775 522 2828 de
536 2773 634 2844 Gyrilli
652 2774 786 2829 librorum
804 2790 921 2830 numero
939 2775 1063 2846 exposui,
1083 2774 1170 2830 etiam
1183 2775 1314 2831 Alfredus
1336 2777 1371 2832 de

224 2865 390 2921 Gutschmid
409 2863 570 2931 assentitur,
594 2863 713 2919 coinon
736 2863 828 2917 minus
851 2880 936 2932 quam
959 2864 1029 2918 mihi
1055 2881 1217 2933 persuasum
1236 2867 1280 2920 est
1297 2865 1369 2920 refu·

223 2959 297 3011 tasse
317 2953 451 3023 Cyrillnm
470 2951 549 3007 denis
567 2951 647 3006 libris
666 2951 790 3022 singulos
809 2951 918 3007 Iuliani.
953 2952 1007 3007 Sed
1025 2952 1054 3006 in
1074 2970 1154 3008 aare
1173 2955 1279 3023 haeret,
1298 2955 1371 3024 quod

223 3045 325 3100 tertiae
344 3041 457 3097 decadis
480 3043 590 3096 nullum
607 3042 796 3112 fragmentum
820 3042 855 3096 ad
873 3059 925 3097 nos
947 3043 1081 3112 pervenit.
1115 3042 1216 3098 Mirum
1235 3047 1310 3099 certe
1332 3047 1375 3099 est

224 3151 314 3204 neque
338 3132 486 3188 Leontium
510 3148 600 3200 neque
624 3131 758 3186 Ioannem
780 3132 985 3186 Damascenum
1009 3149 1098 3201 neque
1123 3150 1170 3187 eos
1193 3133 1242 3201 qui
1261 3137 1373 3189 catenas

224 3224 439 3292 composuerunt
456 3221 603 3292 theologos
620 3237 711 3290 nequo
731 3221 851 3276 Graecos
870 3238 961 3290 neque
980 3222 1072 3291 Syros,
1092 3222 1141 3292 qui
1160 3223 1275 3278 alterius
1294 3225 1374 3279 deca·-

227 3313 270 3368 dis
288 3313 393 3368 multos
413 3312 594 3366 servaverunt
612 3311 703 3376 locos,
722 3311 836 3366 tertiam
850 3311 983 3366 decadem
1002 3311 1164 3381 inspexisse.
1198 3312 1285 3381 Quam
1301 3313 1372 3368 diffi-

226 3404 359 3458 cultatem
375 3419 407 3455 eo
425 3401 503 3455 tollit
517 3398 736 3466 Gntschmidius‚
755 3399 830 3468 qnod
847 3399 948 3454 statuit
960 3416 991 3454 re
1005 3417 1072 3454 vera
1087 3399 1220 3469 cyrillum
1234 3401 1373 3472 cogitasse

225 3494 260 3547 de
279 3489 427 3546 refutando
444 3488 529 3543 tertio
543 3488 646 3542 iuliani
664 3488 736 3541 libro
755 3487 834 3542 libris
849 3488 981 3543 vicesimo
999 3489 1091 3560 primo
1109 3507 1197 3560 usque
1216 3491 1252 3544 ad
1265 3491 1372 3546 tricesi-

225 3597 312 3647 mum,
330 3579 378 3633 sed
396 3579 556 3649 permotum
575 3576 666 3631 causis
680 3576 857 3646 quibusdam,
875 3595 944 3646 quas
965 3581 1136 3649 compertum
1156 3597 1211 3634 non
1230 3580 1373 3649 habemas,

227 3668 374 3725 consilium
392 3669 523 3722 mutasse.
557 3666 601 3721 Ad
626 3667 709 3720 finem
733 3667 821 3736 igitur
839 3684 903 3723 eum
926 3685 996 3739 opus
1020 3687 1101 3723 sunm
1124 3669 1286 3740 perduxisse
1306 3669 1374 3725 Gut-

226 3756 378 3812 schmidius
396 3757 489 3826 negat.
522 3755 606 3810 Cuius
624 3757 779 3811 sententiae
796 3756 911 3812 minime
930 3759 1086 3828 repugnant
1101 3756 1269 3814 Theodoreti
1288 3760 1374 3814 verba

227 3863 299 3922 qnae
318 3862 403 3915 supra
422 3843 506 3899 attuli
525 3847 579 3915 (ep.
594 3851 628 3899 83
648 3846 690 3900 ed.
707 3845 876 3915 SohulzeiV
892 3851 960 3902 1150
971 3849 1023 3916 sq.)
1042 3847 1180 3903 narrantis
1193 3848 1374 3904 Antiochiam

226 3936 335 3990 misisse
359 3934 494 4004 Gyrillum
517 3934 603 3989 libros
627 3951 697 4004 quos
726 3937 823 3989 contra
847 3936 984 3989 Iulianum
1007 3935 1165 4004 scripserat.
1206 3936 1280 3990 Nam
1303 3939 1374 3992 κατὰ

228 4027 376 4080 Ἰονλιανοῦ
401 4023 493 4092 inquit
511 4024 709 4091 ενι-γράμματα
732 4023 769 4078 εἰ(
787 4027 840 4091 τὴν
865 4025 1032 4092 Ἀντιόχειαν
1055 4024 1241 4092 ἐκπέπομφεν.
1277 4028 1374 4097 Neque

228 4113 310 4181 enirn,
330 4129 499 4181 quamquam
519 4111 584 4166 inde
602 4110 674 4166 nihil
692 4111 822 4166 concludi
839 4115 946 4182 potest,
965 4113 1041 4182 quod
1060 4113 1139 4168 deest
1157 4114 1291 4170 articulus
1309 4119 1374 4172 ante
1439 4153 1442 4159 -

228 4205 298 4258 κατὰ
313 4204 470 4269 Ἰονλιανοῡ,
490 4201 639 4269 quicquam
658 4201 760 4270 obstat,
781 4201 928 4270 quominus
943 4219 989 4256 eas
1004 4201 1102 4256 Ioanni
1115 4202 1290 4258 Antiocheno
1309 4221 1375 4274 pen-

229 4293 310 4349 tades
325 4290 459 4360 Gyriilum
474 4288 585 4344 misisse
604 4292 768 4359 statuamus,
786 4308 856 4359 quas
876 4308 908 4346 eo
922 4291 983 4358 ipso
1001 4292 1136 4362 temporis
1154 4294 1299 4349 momento
1316 4310 1376 4362 per-

228 4384 339 4439 fecerat.
