3192 4906
517 309 557 362 De
577 308 677 363 iuliani
697 307 788 362 verbis
808 308 1018 362 constituendis.
1279 301 1339 372 ibi

151 508 160 522 ·
196 473 307 553 quihus
332 469 453 534 ‘codicis
478 470 584 534 nostri'
608 477 771 555 scripturas
795 474 944 536 hubertus
972 482 1073 555 aperte
1106 475 1245 536 indicarit
1273 494 1340 536 cum

194 583 226 640 in
245 599 337 641 unum
357 580 549 642 contulissem
565 583 660 661 iisque
676 581 786 643 codicis
801 581 986 643 Monacensis
1002 583 1089 642 verba
1108 551 1342 662 ddscripsissem,

195 685 370 766 pierumque
395 687 513 748 codices
532 690 701 749 consentire
725 688 933 768 animadverti,
949 688 1002 747 sed
1027 696 1249 768 nonnumquam
1271 688 1341 748 aite-

195 812 261 854 rum
285 793 321 853 ab
345 793 438 855 altero
462 793 590 855 diiierre.
623 794 664 856 Ita
689 815 717 874 p.
736 790 780 856 45
804 794 827 855 D
848 793 866 854 7
892 790 934 855 ‘io
959 795 1082 874 exempl.
1107 791 1221 856 nostro’
1245 796 1342 874 inquit

195 899 345 962 hubertus
369 896 485 962 ‘vitiose
505 904 649 981 scripturn
670 909 733 962 erat
752 900 802 963 καὶ
821 897 930 978 heioc’,
954 902 1006 963 sed
1025 903 1211 963 Monacensis
1230 909 1341 962 rectam

195 1007 316 1068 exhibet
335 1009 513 1088 scripturam
533 1005 613 1069 λίαν.
654 1008 692 1069 Et
715 1029 742 1088 p.
759 1007 800 1069 47
821 1007 877 1070 08
902 1011 932 1069 in
957 1005 1070 1070 ‘codIce
1090 1005 1204 1069 nostro’
1227 1008 1342 1088 legeba-

194 1125 244 1176 tur
267 1111 484 1190 eduuxdrciiur:
513 1113 536 1174 B
559 1112 574 1175 1
600 1114 723 1193 praehet
746 1114 942 1191 ἑψυχῶεθαι,
970 1115 1021 1176 sed
1045 1118 1086 1176 ita
1110 1127 1276 1195 exaratum,
1310 1124 1343 1178 ut

194 1241 210 1280 a
228 1221 349 1282 librario
370 1222 537 1301 neglegenti
555 1220 614 1300 legi
633 1224 764 1300 potuerit
783 1220 995 1297 εὐψυχῶεθαι.
1033 1222 1135 1301 Neque
1155 1221 1210 1282 alia
1233 1222 1342 1284 desunt

194 1327 335 1407 exempla.
372 1327 432 1388 Sed
458 1327 509 1388 ubi
532 1336 577 1388 est
599 1329 788 1407 apographon
811 1326 884 1389 iiiud
909 1328 1020 1389 codicis
1043 1328 1237 1408 Monacensis,
1261 1329 1341 1408 quod

194 1431 329 1495 adhibuit
356 1415 530 1495 hubertus?
573 1433 604 1493 ln
629 1433 795 1515 Britannia,
823 1438 937 1514 opinor.
980 1434 1102 1494 bibrum
1131 1437 1209 1495 enim
1233 1435 1340 1494 Medio·
1395 1419 1398 1422 ⁵
1440 1471 1445 1482 ·

195 1529 381 1622 montanum,
410 1560 489 1602 nunc
519 1540 827 1622 Cheitenhamensem,
862 1560 955 1603 unum
983 1549 1100 1602 constat
1128 1559 1194 1602 esse
1223 1549 1342 1620 praeter

194 1650 402 1709 Monacensem
425 1656 456 1707 et
478 1647 624 1707 Venetum
647 1647 670 1705 V
694 1647 795 1727 Cyriiii
818 1647 963 1728 codicem,
992 1651 1044 1727 qui
1067 1659 1171 1708 contra
1193 1647 1340 1708 lulianum

194 1755 278 1816 iihn's
301 1754 442 1838 adiecerit
465 1753 573 1814 librum
593 1762 696 1813 contra
720 1753 1030 1834 anthropomorphitas
1054 1757 1207 1834 scriptum.
1244 1756 1342 1833 htqde

194 1865 224 1922 in
248 1855 416 1922 Monacensi
445 1859 565 1938 quidem
589 1859 737 1938 utromodo
762 1861 826 1920 lieri
849 1863 994 1942 potnerit,
1022 1869 1055 1921 ut
1078 1860 1146 1921 iibri
1169 1869 1272 1921 contra
1296 1861 1341 1921 hi-

193 1967 305 2028 iiannm
324 1965 421 2027 i.-V.
446 1975 476 2026 et
494 1966 620 2028 v{.-x.
643 1969 815 2029 intermisso
838 1966 913 2027 libro
938 1975 1041 2028 contra
1064 1966 1340 2046 anthropomorphi—

194 2083 239 2135 tas
257 2082 477 2154 separarentur,
501 2089 591 2153 supra
610 2076 748 2154 exposui3
771 2075 806 2155 ie,
827 2076 878 2154 qui
897 2073 1166 2136 Mediomo‘ntanum
1186 2075 1222 2134 de
1242 2074 1340 2134 Mona·

194 2183 277 2241 censi
295 2180 396 2241 codice
416 2181 584 2263 descripsit,
607 2183 773 2244 rectissime
793 2181 927 2241 ordinem
948 2183 1071 2243 mutavit
1090 2190 1120 2242 et
1142 2181 1251 2242 librum
1271 2197 1338 2241 con-

194 2296 239 2350 tra
259 2287 568 2366 anthropomorphitas
587 2291 687 2367 posuit
705 2296 773 2368 post
791 2289 939 2349 decimum
954 2278 1126 2350 iulianeum.
1155 2289 1339 2366 Quamquam

195 2393 407 2473 reprobaretur
427 2397 572 2455 sententia
592 2413 665 2474 mea,
689 2397 714 2454 si
735 2404 815 2455 recte
835 2394 994 2455 Maeneiius
1018 2393 1136 2456 saeculo
1155 2394 1213 2454 XV.
1233 2394 1341 2455 Medio-

123 2495 129 2506 '
197 2510 370 2562 montanum
393 2501 560 2581 tribuisset;
588 2520 656 2562 nam
685 2502 803 2562 sacculo
827 2501 898 2561 xvi.
922 2501 1107 2562 Monacensis
1135 2501 1340 2562 videturesse

194 2616 340 2668 exaratus.
382 2607 485 2687 Neque
514 2618 611 2668 tamen
641 2611 679 2668 ita
712 2609 795 2669 iaciie
820 2617 866 2669 est
893 2616 1024 2668 statuere
1054 2608 1187 2668 codicem
1215 2607 1342 2685 ahquem

194 2714 313 2775 saeculo
337 2713 395 2774 XV.
403 2761 411 2794 ,
439 2733 498 2774 non
522 2715 594 2774 XVi.
628 2724 780 2776 exaratum
810 2732 876 2774 esse
904 2731 1002 2793 neque
1035 2717 1191 2793 quisquam
1224 2713 1344 2793 negabit

194 2817 368 2883 Haenelinm
391 2822 423 2881 in
447 2839 480 2881 ea
504 2839 536 2880 re
561 2839 662 2881 errare
686 2822 828 2900 potuisse.

283 2927 324 2988 De
344 2945 403 2988 uno
423 2928 524 2987 codice
544 2930 632 2988 etiam
651 2927 861 3006 disputandum
877 2936 931 3009 est,
953 2927 989 2988 de
1004 2927 1138 2988 Parisino
1155 2927 1244 3007 Regio
1264 2947 1341 2988 anno

196 3031 279 3097 1537
304 3043 432 3095 exarato.
483 3034 525 3094 De
549 3053 608 3113 quo
632 3034 701 3094 Otto
726 3033 849 3094 Crusius
873 3037 1016 3114 temporis
1040 3035 1185 3113 angustiis
1207 3033 1341 3094 inclusus

194 3159 343 3222 perpauca
378 3159 495 3200 mecum
531 3143 750 3202 communicare
783 3143 893 3222 potuit,
933 3159 1000 3201 cum
1034 3148 1174 3219 quattuor
1208 3140 1342 3200 iocorum

194 3227 358 3329 scripturas
386 3246 536 3309 hubertus
563 3248 732 3308 indicasset.
779 3248 860 3318 Quae
889 3265 958 3308 cum
985 3249 1025 3307 ita
1053 3249 1126 3327 sint,
1151 3255 1266 3317 certum
1291 3246 1340 3307 aii-

194 3354 320 3434 quidde
340 3373 376 3414 eo
395 3362 525 3415 statuere
545 3372 604 3414 non
623 3373 754 3436 possum,
774 3356 974 3415 coniecturam
997 3369 1140 3434 propono.
1183 3353 1301 3413 Codicis
1323 3351 1344 3410 V

194 3462 383 3543 apographon
411 3459 563 3521 Parisinus
591 3477 650 3520 non
679 3467 737 3541 est,
767 3477 833 3520 nam
862 3454 981 3520 exhibet
1010 3459 1097 3520 verba
1127 3455 1168 3520 75
1195 3451 1343 3538 cisqq,

194 3588 269 3648 quae
302 3571 333 3628 in
363 3567 413 3627 ilio
446 3563 567 3648 desunt3
605 3566 683 3626 idem
721 3566 758 3626 de
791 3566 892 3626 codice
926 3565 955 3628 Ψ
991 3565 1180 3628 statuendum
1215 3565 1285 3644 erit,
1318 3565 1343 3624 si

194 3675 317 3736 eandem
341 3674 474 3734 lacunam
498 3675 528 3733 in
547 3692 583 3733 eo
607 3675 733 3734 inveniri
754 3672 912 3734 verisimile
937 3680 990 3734 est.
1039 3673 1099 3732 iam
1119 3689 1188 3731 vero
1207 3669 1267 3750 p.3
1287 3667 1342 3732 Εἴ)

195 3781 348 3843 Parisinus
376 3782 485 3841 omittit
513 3796 614 3840 vocem
638 3777 709 3856 τρία
733 3799 830 3859 neque
855 3783 885 3840 in
915 3782 950 3840 iis
968 3780 1079 3859 verbiS,
1107 3797 1182 3857 quae
1211 3785 1343 3838 extrema

195 3885 316 3948 exhibet
343 3885 385 3968 (p.
408 3883 470 3946 109
489 3887 512 3946 Β
530 3881 578 3970 1),
612 3887 711 3948 diiiert
739 3877 927 3947 a'Marciani
957 3885 989 3948 Μ
1018 3887 1179 3966 scriptura:
1212 3903 1279 3946 narn
1303 3882 1343 3960 ἦν

196 3992 278 4056 εἰκὸς
305 3996 337 4054 in
365 4013 401 4053 eo
426 3994 566 4055 scribitur
589 4011 643 4073 pro
669 3990 752 4054 εἰκό(
774 3991 823 4069 iun
871 3993 930 4053 lam
958 4011 1028 4053 vero
1059 3995 1084 4052 si
1108 3991 1342 4052 consideraveris

195 4109 313 4179 praeter
346 4117 414 4160 cum
447 4102 477 4160 in
511 4099 574 4160 solo
607 4096 709 4160 codice
743 4097 923 4160 Scoriaiensi
952 4096 992 4181 u,
1029 4117 1117 4178 quem
1154 4096 1343 4178 apographon

195 4226 260 4268 esse
293 4214 409 4267 constat
437 4206 577 4267 Marciani
606 4205 652 4287 M,
685 4205 815 4285 singulas
848 4208 968 4286 paginas
1000 4205 1078 4267 binis
1107 4205 1253 4266 columnis
1277 4223 1341 4265 esse

195 4321 346 4394 exaratas,
390 4313 426 4373 de
464 4316 528 4393 ipso
567 4313 746 4373 Scoriaiensi
784 4309 810 4373 Ω
847 4313 1012 4374 Parisinum
1055 4312 1236 4391 descriptum
1274 4329 1341 4371 esse

196 4422 334 4480 conicies
