3194 4904
618 277 659 330 De
678 275 780 330 iuliani
797 275 932 332 librorum
950 276 1024 330 letis.
1378 277 1399 340 5

250 441 338 502 verba
352 442 420 503 hist.
436 441 506 503 eccl.
521 441 545 500 V
559 439 602 502 22
621 437 690 522 (vol.
710 441 745 502 ll.
760 461 788 521 p.
803 439 867 502 633
886 436 1016 525 llussey)
1036 441 1121 502 haec:
1145 437 1195 505 Ἐν
1213 447 1252 524 τῇ
1268 441 1346 525 αὐτῇ
1362 442 1397 505 δὲ

250 545 471 630 Ἀλεξανδρείᾳ
481 545 681 623 ἀναγνῶεται
691 547 742 610 καὶ
752 546 924 626 ὑποβολεῑε
934 545 1115 626 ἀδιάφορον
1126 545 1189 611 εἴτε
1204 548 1398 626 κατηχούμε-

250 653 300 719 νοί
312 653 387 718 εἰειν
399 653 462 718 εἴτε
477 654 588 732 πιετοί,
603 659 669 718 τῶν
683 659 850 732 πανταχοῦΙ
861 654 1033 732 ἐκκληειῶν
1044 655 1172 718 πιετοὺε
1187 654 1231 718 εἰ(
1242 655 1280 719 τὸ
1294 653 1398 734 τάγμα

248 765 345 825 τοῦτο
365 762 648 840 προβαλλομένων.
680 763 753 824 Nam
772 762 918 823 lulianum
937 781 1020 823 sacra
1040 765 1150 842 scripta
1162 751 1268 825 ’coram
1287 764 1397 843 populo

249 872 390 931 recitasse
413 873 493 931 inter
516 888 619 930 omnes
644 876 771 949 constat3
795 869 831 929 cl.
856 867 977 948 Gregor.
996 869 1062 929 Naz.
1082 887 1124 929 or.
1143 869 1189 931 lV.
1207 889 1235 948 p.
1256 866 1332 931 88A
1352 871 1397 931 ed.

250 977 373 1037 bened:
397 975 450 1056 Τῷ
470 975 527 1051 μέν
550 995 587 1049 γε
611 975 718 1056 κλήρῳ
742 975 899 1052 φέροντεε
918 973 1052 1037 ἑαυτοὺς
1072 973 1292 1052 ἐγκατέλεξαν,
1316 973 1396 1037 ὥετε

248 1082 299 1144 καὶ
327 1080 384 1144 τὰ(
413 1077 498 1146 θεία(
530 1079 803 1157 ὑπαναγινώεκειν
831 1085 877 1163 τῷ
907 1084 976 1163 λαῷ
1002 1079 1141 1162 βίβλους
1170 1100 1267 1163 neque
1298 1085 1396 1144 minus

247 1199 351 1251 notum
368 1199 486 1250 estnon
502 1188 694 1250 Alexandriae
709 1208 777 1250 eum
792 1192 943 1250 recitasse.
970 1190 1074 1276 Neque
1089 1192 1179 1268 igitur
1194 1191 1251 1249 iam
1267 1189 1396 1251 dubitari

248 1304 347 1377 potest
381 1298 417 1357 de
457 1296 602 1376 baptismo
631 1296 743 1356 Iuliani.
791 1295 849 1366 Qui
877 1315 944 1356 cum
977 1305 1080 1376 postea
1113 1295 1148 1356 ad
1180 1296 1396 1376 philosophiam

246 1405 426 1465 Platonicam
446 1404 600 1465 institutus
619 1409 750 1463 veterem
769 1402 943 1481 religionem
962 1402 1114 1481 amplexus
1129 1410 1217 1484 esset,
1236 1402 1306 1464 dum
1326 1406 1396 1464 vivit

247 1511 447 1590 Constantius,
467 1510 571 1570 celavit
585 1511 673 1580 animi
689 1512 958 1571 commutationem.
987 1510 1045 1593 Sed
1061 1509 1112 1570 ubi
1126 1511 1254 1589 primum
1270 1528 1395 1590 regnum

246 1619 424 1698 occupavit,
442 1618 583 1678 continuo
612 1616 677 1676 orbi
706 1626 853 1677 terrarum
882 1617 1021 1696 patefecit
1043 1617 1200 1696 reliquisse
1229 1636 1260 1678 se
1292 1636 1396 1677 novam

246 1725 443 1786 Galilaeorum
471 1730 590 1784 sectam.
633 1724 717 1796 Quod
750 1727 775 1784 si
798 1725 1022 1784 consideramus
1051 1742 1166 1784 summo
1195 1743 1262 1786 eum
1296 1725 1395 1785 studio

246 1851 278 1892 se
302 1832 419 1892 dedisse
442 1829 658 1912 philosophiae,
686 1834 743 1891 iam
767 1839 853 1891 antea
876 1830 1061 1891 orationibus
1085 1830 1250 1891 scribendis
1274 1850 1394 1910 operam

246 1957 378 2018 navasse,
401 1957 462 1999 non
484 1941 524 1998 ita
544 1939 636 1998 luisse
660 1937 696 1997 ab
720 1940 801 1998 omni
824 1939 1021 1998 ostentatione
1045 1937 1181 2018 liberum,
1205 1946 1321 1997 utnon
1345 1956 1394 1998 ne-

160 2113 162 2117 ·
245 2047 416 2106 cessitatem
439 2045 496 2106 sibi
520 2047 682 2106 iniunctam
706 2064 772 2106 esse
796 2053 934 2104 censeret
957 2045 1073 2104 cunctis
1096 2043 1266 2104 hominihus
1290 2062 1393 2104 causas
1469 2105 1471 2109 ,

246 2152 425 2234 exponendi,
454 2152 563 2232 quibus
593 2160 746 2231 permotus
779 2150 880 2211 relicta
916 2150 1151 2211 Christianorum
1184 2149 1325 2230 religione
1358 2151 1393 2211 ad

245 2261 390 2319 maiorum
399 2278 482 2319 sacra
492 2256 1005 2338 revertisset:peculiarieumopere
1016 2276 1103 2318 nemo
1113 2257 1394 2338 mirabituraggres·

245 2385 311 2426 sum
337 2385 402 2428 esse
423 2366 619 2446 Christianos,
639 2364 762 2425 deorum
783 2364 912 2425 cultores
931 2365 1112 2446 defendisse,
1130 2369 1306 2444 praesertim
1326 2386 1392 2428 cum

246 2483 380 2552 speraret
400 2476 464 2534 sine
485 2472 575 2533 dubio
593 2489 681 2551 posse
701 2490 732 2530 se
752 2474 777 2531 si
797 2489 856 2530 non
875 2490 978 2532 omnes
997 2480 1027 2533 at
1046 2480 1127 2532 certe
1146 2471 1255 2532 muiltos
1274 2491 1290 2532 a
1309 2473 1394 2534 foeda

207 2641 217 2656 ‚
243 2561 456 2658 superstitione
494 2596 641 2638 revocare.
693 2578 788 2655 Atque
817 2585 917 2655 aperte
947 2576 1019 2637 dicit
1050 2579 1080 2637 in
1111 2577 1237 2656 epistula
1265 2577 1393 2639 LXXIX.

244 2687 336 2747 Hertl.
356 2706 384 2765 p.
400 2682 529 2766 605sq,
553 2703 641 2764 quam
664 2688 694 2745 in
718 2684 854 2746 Latinum
878 2703 1047 2744 sermonem
1071 2703 1243 2744 conversam
1268 2688 1394 2746 servavit

244 2793 416 2872 Facundus,
445 2793 546 2852 iniisse
574 2810 606 2852 se
635 2791 791 2852 consilium
814 2794 879 2852 eins
907 2791 986 2851 modi
1014 2791 1083 2852 libri
1115 2791 1335 2873 conscribendi3
1363 2792 1392 2852 id

244 2902 324 2980 quod
353 2920 440 2962 nemo
468 2898 564 2959 adbuc
597 2899 675 2978 quod
709 2901 801 2959 sciam
834 2899 1046 2959 animadvertit.
1085 2899 1143 2959 Sed
1172 2897 1241 2959 cum
1271 2907 1393 2960 secutus

244 3025 357 3067 morem
381 3026 397 3067 a
416 3007 591 3067 Christianis
615 3014 686 3068 tnnc
707 3014 875 3088 receptum,
899 3009 984 3067 cuius
1004 3007 1169 3086 exemplum
1193 3006 1391 3068 luculentissi-

245 3131 326 3174 mum
340 3120 457 3174 exstant
470 3113 558 3174 Italae
579 3133 653 3194 quae
673 3116 781 3175 dicitur
802 3132 954 3174 sacrorum
973 3113 1118 3174 librorum
1137 3114 1391 3192 interpretationis

245 3219 401 3301 reliquiae,
427 3220 550 3281 verbum
574 3222 637 3280 lere
661 3222 697 3281 de
721 3219 811 3280 verbo
835 3210 1015 3298 exprimeret
1038 3218 1208 3298 Facundum,
1232 3220 1330 3279 ellecit
1353 3219 1393 3301 id,

245 3335 279 3386 ut
297 3326 402 3388 luliani
425 3328 550 3406 epistula
574 3327 704 3406 intellegi
729 3329 775 3387 viu
794 3328 889 3406 possit
908 3328 965 3386 nisi
984 3325 1112 3386 Graecae
1131 3324 1248 3404 linguae
1268 3324 1390 3386 reddita.

248 3432 374 3512 Scripsit
387 3443 485 3494 autem
500 3432 631 3494 lulianus
646 3433 718 3494 haec
736 3436 767 3494 in
782 3433 908 3513 epistula
927 3431 961 3492 ad
976 3432 1136 3492 Photinnm
1155 3431 1390 3493 haeresiarcham

216 3607 218 3611 .
244 3540 323 3600 data:
352 3540 417 3621 „Tu
436 3540 564 3620 quidem,
588 3539 759 3622 oPhotine,
782 3539 950 3600 verisimilis
974 3539 1083 3600 videris
1107 3548 1137 3600 et
1159 3541 1312 3618 proximus
1337 3539 1390 3600 sal-

243 3640 346 3727 vahl),
365 3646 554 3707 henelaciens
578 3665 763 3727 nequaquam
787 3649 818 3707 in
845 3655 931 3707 utero
960 3645 1101 3707 inducere
1126 3663 1215 3725 quem
1239 3646 1391 3707 credidisti

244 3752 341 3812 decim.
378 3751 524 3813 Diodorus
552 3761 650 3813 autem
673 3753 812 3813 Nazaraei
840 3771 942 3831 magns
966 3754 1030 3812 eius
1057 3751 1285 3830 pigmentalibus
1308 3770 1388 3812 man-

243 3851 360 3941 ganis2)
385 3865 494 3920 a'cuens
517 3858 813 3940 irrationabilitatem,
836 3867 940 3919 acutus
963 3860 1099 3938 apparuit
1122 3857 1253 3937 sophista
1272 3859 1388 3939 religio-

244 3968 291 4025 nis
314 3959 468 4043 agrestis.“
503 3965 650 4027 Vertenda
669 3976 768 4027 autem
787 3965 924 4027 videntur
947 3966 1026 4026 hunc
1051 3966 1112 4025 lere
1136 3967 1167 4026 in
1190 3965 1323 4026 modum:
1347 3963 1388 4027 (ὺ

317 4211 342 4277 1)
363 4207 502 4264 ‘Salvere'
522 4208 551 4262 in
572 4205 696 4261 ‘salvari'
717 4207 833 4263 mutavi.

317 4300 343 4366 2)
363 4297 407 4352 lta
426 4289 602 4350 scribendum
621 4313 682 4350 esse
694 4296 828 4360 ¹enistimo
851 4313 902 4366 pro
920 4297 1027 4352 tradita
1046 4297 1183 4367 scriptura
1203 4297 1387 4367 ‘manganes’,

245 4403 263 4440 a
281 4403 336 4454 qua
353 4405 388 4442 ne
407 4385 570 4441 Hertlenius
587 4383 699 4454 quidem
717 4385 840 4440 recessit.
