3194 4904
603 1174 916 1250 Praefatio.

276 1496 464 1575 Scriptorum
486 1493 669 1556 Graecorum
692 1497 743 1575 qui
767 1495 963 1558 Christianam
987 1499 1234 1576 impugnaverunt
1263 1496 1330 1556 reli·

187 1607 304 1681 glonem
328 1601 487 1662 fasciculus
510 1605 625 1681 primus
650 1602 727 1664 Celsi
746 1602 855 1664 librum
880 1603 1053 1685 continebit,
1077 1603 1151 1664 alter
1173 1602 1331 1682 Porphyrii

187 1718 217 1769 et
239 1708 384 1769 Hieroclis
403 1709 576 1787 fragmenta.
609 1709 674 1770 Non
693 1710 820 1770 deerunt
839 1709 1007 1788 philosophi
1027 1713 1150 1770 crimina
1169 1729 1185 1769 a
1204 1709 1331 1769 Macario

186 1815 319 1893 Magnete
344 1823 467 1876 servata.
513 1816 629 1877 Primos
652 1835 732 1877 nnnc
751 1815 863 1895 publici
887 1819 961 1876 iuris
984 1818 1059 1877 lacio
1078 1816 1183 1876 luliani
1206 1817 1330 1893 impera-

186 1925 259 1983 toris
282 1922 389 2003 libros,
413 1941 481 1983 cum
505 1942 556 1982 eos
580 1932 695 1983 tantum
720 1905 828 1983 edendi
851 1925 936 1984 initio
961 1922 1117 1984 consilium
1141 1925 1280 2002 ceperim.

273 2028 334 2089 larn
362 2047 432 2089 vero
461 2031 570 2107 gratias
597 2049 651 2109 ago
675 2033 746 2090 viris
770 2030 865 2090 doctis
889 2029 1040 2112 omnibus,
1069 2047 1197 2108 quorum
1220 2027 1335 2088 auxilio

185 2137 216 2194 in
246 2135 375 2213 paranda
405 2135 534 2197 editione
566 2155 639 2197 usus
662 2155 728 2196 sum
752 2138 988 2216 exoptatissimo,
1018 2153 1122 2196 eorum
1151 2136 1269 2194 nomina
1297 2135 1327 2192 in

186 2243 250 2319 ipso
274 2240 349 2301 libro
365 2240 417 2302 tibi
441 2251 609 2305 occurrent.
637 2241 823 2322 Fragmentis
843 2241 942 2321 Cyrilll
958 2242 1085 2322 Syriacis
1105 2259 1184 2301 nunc
1198 2241 1328 2317 primum
1425 2286 1430 2292 .

186 2347 273 2408 editis
292 2356 322 2409 et
339 2350 370 2409 in
389 2347 528 2409 Latinum
548 2368 716 2410 sermonem
736 2350 888 2409 conversis
911 2348 984 2409 baec
1008 2348 1098 2409 editio
1123 2341 1247 2426 careret,
1271 2347 1328 2405 nisi

184 2452 415 2514 Eberhardus
438 2454 561 2516 Nestle
586 2455 702 2534 linguae
723 2455 859 2535 Syriacae
879 2458 1016 2534 imperito
1041 2456 1202 2514 officiosam
1227 2451 1326 2512 volun·
1371 2446 1372 2451 ’

185 2567 274 2621 tatem
298 2562 521 2623 commodasset.
567 2562 690 2623 Praeter
713 2571 830 2623 ceteros
853 2570 953 2623 autem
975 2562 1011 2620 de
1039 2561 1094 2621 bac
1119 2560 1327 2639 qualicumque

185 2684 274 2747 opera
306 2671 407 2730 meriti
440 2677 510 2730 sunt
542 2678 751 2748 praeceptores
785 2670 930 2728 carissimi
962 2667 1132 2728 Allredns
1170 2667 1210 2726 de
1243 2665 1326 2724 Gut-
1371 2693 1377 2704 ·

184 2773 335 2852 scbrnid‚
362 2774 513 2835 Adollus
536 2774 712 2853 Harnack,
736 2774 941 2836 Ludovicus
965 2773 1093 2854 Lange,
1118 2773 1226 2852 quibus
1246 2774 1328 2851 quic-

185 2879 255 2957 quid
269 2882 404 2958 praestiti
418 2889 502 2958 grato
516 2883 614 2941 animo
629 2899 675 2942 me
691 2879 800 2941 debere
815 2882 967 2942 confiteor.
999 2880 1105 2939 Adoll
1109 2899 1148 2940 us
1162 2877 1326 2938 Harnack

186 2987 274 3046 etiam
296 2985 427 3064 plagulas
451 2988 620 3065 corrigendi
643 2985 794 3048 molestias
818 3005 936 3048 mecum
959 2988 1099 3066 suscepit.

274 3108 445 3168 Scribebam
464 3110 545 3170 llalis
561 3110 719 3191 Saxonum,
738 3129 840 3170 mense
857 3109 1026 3190 Septembri
1045 3129 1068 3169 a.
1085 3105 1326 3168 MDCCCLXXX.

769 3307 907 3376 darolus
926 3307 1071 3377 loannes
1089 3305 1272 3377 Noumann.
