3192 4906
240 329 304 394 100
739 331 829 402 Caput
846 329 880 386 Il.
942 399 944 402 y

238 493 274 558 ἐν
293 498 361 558 scic
381 494 528 575 Εὐεεβίου
547 499 605 560 τοῦ
623 494 838 560 Παλαιετὶνου
858 495 1099 575 ξυγγράμμαειν,
1123 495 1332 574 εὐαγγελικὴν
1350 496 1386 559 δὲ

240 604 506 681 προπαραεκευὴν
529 601 624 667 τόνδε
643 603 701 668 τὸν
721 602 825 668 πόνον
849 604 973 668 ἐκεῖνο(
991 601 1166 682 cooperer.
1199 604 1240 665 lle
1264 607 1390 685 integris

239 705 338 770 autem
366 711 507 791 operibus
531 715 619 781 etiam
647 712 840 774 inferioribus
870 711 1054 792 temporibus
1077 730 1180 773 vocem
1203 709 1390 787 εύγγραμμα

240 819 412 896 saepissime
441 819 600 881 adhibitam
624 838 690 880 esse
720 839 807 880 nemo
837 822 940 880 nescit.
979 819 1019 879 Ea
1048 819 1092 879 ris
1122 821 1147 880 si
1175 821 1264 880 etiam
1287 818 1390 879 luliani

239 933 373 1004 tempore
398 925 459 986 sola
482 928 602 1008 luisset,
626 945 713 1006 grave
738 938 817 988 esset
840 929 904 988 eius
933 929 1136 987 testimonium
1160 946 1187 1006 p.
1207 923 1306 987 261Ε
1330 925 1390 986 edi·

240 1039 317 1111 tum,
346 1032 425 1111 quod
449 1051 529 1094 nunc
552 1032 625 1094 nihil
654 1032 730 1093 valet
757 1033 792 1093 ad
817 1034 1021 1113 quaestionem
1044 1031 1270 1094 diiudicandam.
1312 1032 1390 1112 Ergo

241 1155 277 1196 ne
302 1137 358 1197 hoc
378 1139 499 1218 quidem
522 1139 587 1199 loco
611 1141 665 1199 uiti
688 1147 787 1218 potest
806 1139 964 1199 artificiosa
983 1138 1120 1199 Teuffelii
1139 1141 1320 1220 coniectura,
1343 1143 1393 1200 cui

172 1313 179 1328 Ι
241 1245 327 1305 aliam
351 1263 415 1305 rem
438 1247 649 1326 impedimento
674 1264 740 1306 esse
760 1245 922 1306 ostendam.
960 1244 1068 1304 'lotum
1092 1247 1176 1312 enim
1190 1245 1295 1307 luliani
1318 1266 1394 1327 opus

156 1434 159 1441 Ι
241 1352 381 1431 Cyrillum
402 1353 532 1418 refutare
548 1352 677 1414 voluisse
692 1351 855 1441 Teullelius
874 1370 930 1411 nec
950 1353 1068 1429 negarit
1087 1370 1143 1412 nec
1162 1371 1270 1431 negare
1288 1356 1395 1433 potuit.

240 1458 343 1538 Neque
363 1460 465 1522 decem
484 1459 568 1520 libris
586 1462 639 1544 qui
658 1469 821 1538 supersunt
839 1458 917 1519 aliud
936 1459 1094 1536 quicquam
1114 1459 1305 1538 impugnasse
1325 1479 1391 1520 eum

241 1568 299 1626 nisi
321 1569 450 1646 primum
469 1567 575 1629 Iuliani
598 1566 708 1628 librum
731 1568 808 1628 inira
827 1565 1000 1628 videbimus.
1038 1563 1117 1643 Ergo
1137 1572 1188 1625 aut
1206 1570 1393 1647 septuaginta

241 1671 333 1732 libros
346 1693 349 1699 ·
362 1682 465 1735 contra
492 1675 638 1735 lulianum
667 1676 823 1754 scripsisse
857 1671 984 1753 Cyrillus
1017 1678 1097 1731 esset
1134 1661 1309 1734 statuendus
1342 1683 1394 1735 aut

241 1778 325 1839 libris
344 1780 502 1842 undecimo
522 1801 586 1862 sqq.
610 1784 638 1843 ei
657 1781 794 1842 brevitati
818 1780 977 1860 studuisse,
1001 1796 1089 1857 quam
1113 1795 1210 1855 neque
1234 1781 1264 1840 in
1289 1780 1392 1841 decem

240 1887 391 1965 prioribus
414 1888 498 1950 libris
522 1908 619 1968 neque
642 1908 768 1968 usquam
792 1887 861 1949 alibi
885 1885 1074 1966 sequebatur.
1116 1883 1174 1945 Sed
1194 1885 1392 1968 discrepantia

143 2009 147 2016 ·
241 1993 290 2054 illa
314 2013 389 2074 qnae
413 2005 459 2058 est
481 1999 560 2058 iuter
583 1996 796 2077 Hieronymum
820 2006 849 2056 et
868 1993 1009 2075 Cyrillum
1033 1991 1242 2069 aliquomodo
1266 2003 1312 2056 est
1335 1994 1391 2056 sol-

242 2101 366 2207 vendasl
388 2086 530 2174 Quaene
558 2103 672 2164 librarii
695 2103 816 2182 quidem
843 2120 946 2164 errore
971 2108 1036 2161 orta
1064 2116 1129 2158 esse
1152 2107 1260 2178 potest.
1298 2101 1393 2172 Quem

244 2215 375 2269 statuere
399 2228 459 2270 non
478 2210 654 2292 dubitarem,
678 2213 703 2271 si
724 2213 754 2271 in
779 2210 840 2272 sola
860 2207 985 2289 epIstula
1004 2203 1090 2266 LXX.
1114 2205 1150 2266 ad
1170 2205 1308 2286 Magnum
1327 2208 1394 2270 data

245 2306 273 2394 (l
292 2333 320 2394 p.
336 2312 400 2377 427
416 2311 515 2399 Valli)
535 2311 650 2397 septem
667 2315 773 2378 lulia'ni
792 2316 936 2377 librorum
956 2315 1138 2376 mentionem
1157 2313 1277 2375 iecisset
1292 2313 1394 2376 lliero·
1450 2349 1454 2356 ·

242 2437 357 2500 aymus.
396 2423 453 2485 Sed
479 2425 568 2484 etiam
592 2424 649 2484 alio
673 2423 752 2506 loeo,
775 2441 863 2502 quem
883 2421 1079 2502 neglexerunt
1102 2437 1197 2497 usque
1223 2421 1318 2483 adhuc
1337 2423 1395 2483 viri

242 2527 336 2610 docti,
360 2533 478 2611 septimi
506 2530 575 2593 libri
598 2531 721 2593 lulianei
745 2532 887 2591 meminit.
925 2528 1004 2590 Haec
1024 2529 1112 2587 enim
1140 2529 1333 2589 inveniuntur
1360 2531 1391 2589 in

242 2637 336 2714 ipsius
361 2640 642 2698 commentariorum
670 2640 702 2698 in
722 2636 798 2698 Osee
822 2636 840 2696 l.
859 2635 908 2697 lll.
932 2654 956 2697 c.
977 2632 1024 2694 Xl.
1045 2629 1097 2715 (Vl
1116 2652 1143 2713 p.
1166 2632 1228 2696 123
1243 2635 1264 2697 C
1279 2629 1396 2717 Vall.2):

243 2736 341 2803 ‘Hunc
364 2741 463 2804 locum
487 2737 579 2827 (Osee
598 2739 687 2824 llll)
710 2747 742 2804 in
766 2747 891 2824 septimo
915 2743 1063 2803 volumine
1080 2717 1218 2803 'lulianus
1242 2743 1394 2821 Augustus

243 2848 323 2926 quod
346 2849 503 2912 adversum
526 2870 590 2932 nos,
613 2852 718 2932 idest,
741 2850 924 2912 Christianos
948 2850 1087 2929 evomuit,
1111 2843 1318 2910 calumniatur’
1338 2858 1394 2912 etc.

244 2954 358 3025 Quibus
382 2957 480 3019 verbis
505 2967 637 3020 vetamur
660 2958 764 3038 procul
787 2958 885 3020 dubio
901 2961 932 3019 in
956 2956 1081 3037 epistula
1105 2955 1147 3016 ad·
1165 2954 1303 3035 Magnum
1327 2956 1392 3017 data

244 3065 361 3143 signum
389 3065 438 3125 Vll
468 3075 584 3128 mertare
612 3070 643 3128 in
670 3066 719 3128 lll.
766 3067 869 3147 Neque
900 3076 999 3127 tamen
1032 3062 1250 3143 desperandum
1279 3072 1324 3124 est
1356 3052 1394 3123 de'

244 3169 372 3231 tollenda
396 3172 577 3235 difficultate.
616 3173 695 3235 lnlra
715 3175 794 3234 enim
813 3173 1005 3234 ostendemus
1028 3189 1045 3231 a
1065 3169 1187 3230 Socrate
1206 3170 1235 3230 h.
1249 3189 1275 3231 e.
1295 3166 1390 3231 [1123

243 3277 343 3338 allerri
367 3280 510 3359 quaedam
533 3290 683 3361 tamquam
707 3300 743 3341 ex
766 3279 985 3342 tertio'luliani
1007 3277 1083 3338 libro
1108 3277 1296 3359 deprompta,
1319 3295 1393 3356 quae

246 3388 317 3464 quin
341 3387 371 3447 iu
395 3390 491 3467 primo
516 3391 686 3450 exstiterint
704 3387 827 3449 dubium
851 3406 910 3448 nou
935 3393 995 3466 est3
1013 3387 1050 3445 ‘in
1069 3401 1204 3444 errorem
1227 3394 1327 3447 autem
1342 3384 1393 3444 So-

247 3500 359 3554 cratem
385 3513 420 3554 eo
444 3494 603 3556 adductum
630 3514 704 3574 esse,
728 3495 807 3573 quod
831 3512 890 3554 non
909 3495 990 3573 ipsos
1013 3491 1118 3552 loliani
1140 3490 1233 3552 libros
1255 3491 1396 3571 adhibuit,

245 3599 296 3658 sed
320 3598 421 3679 Gyrilli
449 3579 672 3680 refutationem,
700 3602 731 3659 in
760 3601 855 3660 cuius
873 3602 962 3661 tertio
989 3597 1065 3658 libro
1094 3596 1263 3659 refutantur
1290 3597 1394 3659 Iuliani

246 3707 335 3765 verba
358 3724 373 3766 a
394 3706 515 3767 Socrate
540 3705 633 3767 allata.
673 3705 784 3767 Eodem
808 3707 895 3767 modo
916 3706 1127 3786 Hieronymum
1149 3722 1265 3766 errasse
1289 3712 1395 3766 statuo.

246 3811 349 3891 Neque
373 3815 452 3873 enim
475 3815 573 3893 ipsum
598 3812 703 3874 luliaui
726 3831 800 3893 opus
824 3813 942 3874 videtur
965 3813 1144 3892 inspexisse,
1168 3811 1220 3872 sed
1244 3813 1395 3873 refutatio-

245 3937 315 3978 nem
339 3918 486 4006 quandam
511 3928 625 4000 septem
648 3919 732 3980 libris
753 3919 929 4002 absolutam,
953 3928 1003 3981 aut
1026 3917 1175 3979 Theodori
1194 3917 1394 3999 Mopsuesteni

247 4034 298 4086 aut
316 4025 445 4106 Philippi
465 4025 591 4087 Sidetae.
626 4025 758 4106 Septimo
777 4029 869 4108 igitur
887 4026 992 4087 Iuliani
1011 4025 1088 4087 libro
1112 4043 1146 4085 ea
1170 4025 1275 4087 tribuit
1297 4023 1396 4107 verba,

246 4150 373 4211 quorum
396 4135 428 4195 in
452 4135 577 4211 septimo
601 4133 789 4194 refutationis
816 4133 949 4195 exstabat
973 4135 1158 4213 vituperatio.
1195 4131 1259 4194 Etsi
1282 4141 1396 4213 septem

171 4303 174 4308 ,
244 4235 330 4300 libris
354 4240 522 4301 coniectum
546 4247 609 4300 erat
637 4258 712 4319 opus
742 4241 820 4320 quod
849 4242 1011 4320 scripserat
1034 4239 1216 4301 Christianae
1245 4232 1412 4320 religionis

245 4347 399 4429 defensor,
423 4347 547 4409 totidem
570 4348 723 4408 inimicum
747 4349 968 4428 consumpsisse
992 4346 1178 4427 opinabatur.

334 4454 394 4515 lam
413 4455 448 4516 ad
471 4456 594 4515 alteram
613 4457 816 4534 quaestionem
836 4453 1020 4517 tractandam
1038 4453 1223 4537 accedamus,
1247 4451 1396 4533 quomodo
