3192 4906
256 283 300 346 80
767 282 858 353 Caput
875 281 896 337 I.

256 450 343 509 modo
367 459 400 510 tu
423 449 514 510 audes
538 445 651 529 <eum>
678 450 913 531 reprehendere,
936 450 983 509 dic
1007 449 1093 530 mihi,
1117 452 1202 528 quasi
1226 450 1404 528 neglexisset

255 555 321 616 illos
343 558 460 636 priores
479 564 509 618 et
532 559 579 617 vix
602 557 673 632 illis,
697 560 802 636 quiin
829 559 969 618 extremis
992 556 1192 637 temporibus,
1221 559 1404 620 vocationem

255 671 286 724 et
304 661 494 724 salvationem
511 682 565 744 per
585 663 736 725 Christum
755 660 977 727 distribuisset?
1008 663 1047 724 Et
1066 671 1208 744 utsupra
1227 664 1295 740 dixi,
1315 666 1404 725 etiam

255 772 381 832 mortuis
399 779 430 831 et
449 772 521 831 vivis
540 773 664 850 gratiam
682 772 925 853 praedestinavit3
949 770 1129 851 praedicavit
1148 773 1226 831 enim
1246 770 1403 848 spiritibus

205 956 210 962 β
254 879 285 938 in
313 896 447 958 carcere,
476 881 527 958 qui
554 879 702 940 increduli
729 879 847 941 fuerant
874 878 1045 958 aliqnando,
1079 880 1157 939 siout
1185 880 1330 958 scriptum
1358 887 1403 939 est

254 979 282 1066 (l
300 983 380 1046 Petr.
395 982 429 1067 3,
445 971 495 1046 1'9.
510 978 577 1067 20).

800 1106 853 1172 35.

342 1233 484 1296 Eiusdem
507 1254 543 1295 ex
567 1234 643 1295 lihro
667 1233 740 1296 XVI.

342 1341 524 1421 Pythagoras
557 1350 655 1402 autem
690 1345 720 1402 in
753 1351 871 1403 antrum
905 1342 983 1420 ιιιιοά
1018 1340 1128 1402 dicitur
1156 1341 1274 1402 idaeum
1309 1341 1405 1401 fertur

253 1448 444 1509 descendisse
452 1443 477 1532 ¹)
501 1456 531 1510 et
554 1452 585 1508 in
608 1449 687 1510 illius
706 1447 783 1509 lovis
803 1448 941 1527 sepulcro
966 1455 1097 1509 moratus
1121 1467 1186 1508 esse
1208 1455 1237 1508 et
1261 1447 1403 1508 sacrificia

254 1555 388 1616 ordinata
420 1557 500 1616 iuxta
527 1556 623 1635 legem
651 1555 838 1616 ethnicorum
866 1555 979 1616 tulisse.
1021 1554 1059 1616 Et
1089 1573 1158 1616 curn
1191 1557 1298 1633 exiret,
1330 1553 1403 1614 haec

253 1665 373 1742 scripsit
400 1658 491 1742 supra
513 1663 626 1724 locum:
659 1661 713 1722 Hic
736 1663 814 1722 iacet
837 1659 918 1737 Ζὰν,
947 1679 1036 1740 quem
1059 1654 1157 1742 Aiu²l
1185 1654 1327 1745 vocant.⁸)
1365 1659 1404 1721 Et

252 1770 345 1831 illium
368 1788 475 1831 rursus
499 1769 632 1830 Semeles
654 1771 736 1829 iuxta
758 1767 924 1848 Apollinem
953 1770 1005 1846 qui
1028 1767 1138 1829 dicitur
1166 1786 1275 1829 aureus
1302 1768 1403 1828 lerunt

252 1877 402 1958 sepultum
425 1871 528 1959 esse.⁴)

340 1983 465 2046 Videtur
482 1985 575 2045 fuisse
595 1984 633 2064 fg.
648 1981 691 2044 35
710 1986 741 2044 in
761 1984 974 2064 disputatione,
998 2000 1086 2062 quam
1105 1985 1257 2063 inceperat
1276 1980 1402 2062 Cyrillus

250 2092 288 2170 lg.
309 2088 360 2152 34.
398 2091 630 2170 Argumentandi
660 2097 758 2151 autem
787 2092 862 2150 ratio
892 2090 1016 2151 sortasse
1048 2089 1122 2150 haec
1149 2090 1219 2152 suit:
1265 2088 1401 2150 Christus

248 2197 429 2276 praedicavit
461 2196 614 2276 spiritibus
643 2199 803 2276 quierant
830 2199 1013 2258 incarcere.
1051 2197 1092 2256 Αο
1121 2214 1158 2255 ne
1186 2197 1305 2256 mireris
1332 2212 1400 2255 eum
1473 2210 1480 2221 ·

250 2302 286 2364 ad
315 2304 429 2363 inferos
462 2322 493 2364 se
526 2304 702 2365 contulisse:
739 2305 827 2364 etiam
858 2303 1052 2383 Pythagoram
1086 2302 1183 2362 dicitis
1216 2303 1247 2361 in
1281 2309 1400 2362 antrum

250 2409 370 2470 idaeum
394 2409 593 2471 descendisse.

718 2551 932 2558 .-..---.-..

681 2697 732 2756 Ex
755 2699 833 2757 libro
853 2697 964 2756 XVII.

795 2854 846 2917 36.

338 2980 382 3041 Ex
401 2980 500 3042 loann.
520 2980 653 3042 Damaso.
672 3001 700 3061 p.
716 2977 783 3043 515
802 2989 832 3042 et
849 3000 877 3061 p.
894 2977 966 3042 780.
988 3013 1026 3025 ·-
1052 2979 1084 3041 P.
1098 2975 1172 3041 515.
1195 2977 1316 3059 Rupelc
1340 2977 1398 3041 Κυ-

248 3083 368 3164 ρίλλου,
387 3085 423 3150 ἐκ
441 3089 498 3149 τοῦ
516 3080 556 3153 ις’
577 3085 698 3165 βιβλίου
717 3089 783 3149 τῶν
801 3085 883 3150 κατὰ
896 3079 1107 3168 Ἰουλιανοῦ.5)
1129 3120 1167 3131 -
1189 3085 1221 3147 P.
1238 3083 1310 3149 780.
1333 3083 1398 3147 Τοῦ

248 3190 341 3269 ἁγίου
366 3189 562 3278 nommant)
586 3192 622 3256 ἐκ
644 3197 703 3257 τοῦ
727 3189 765 3260 ιζ
791 3192 911 3273 βιβλίου
936 3194 1002 3256 τῶν
1025 3189 1106 3255 κατὰ
1127 3188 1311 3255 Ἰουλιανοῡ.

337 3300 402 3379 Χρὴ
427 3296 518 3385 τόνῖ)
538 3303 725 3379 προεετῶτα
749 3287 1003 3386 ἀνεπίληπτονῧ)
1027 3299 1200 3377 ἐκμελετᾶν
1223 3299 1275 3362 καὶ
1296 3295 1397 3361 ἀεκεῑ-

245 3411 314 3471 (θαι
334 3406 404 3487 βίον
427 3407 478 3472 καὶ
498 3408 596 3486 μηδὲν
616 3405 868 3486 ἀνεπιτήδευτον
882 3401 1002 3490 ἔχειν9)
1021 3409 1088 3470 τῶν
1103 3403 1304 3484 ἀρεικόντιυν
1324 3407 1397 3487 θεῷ.

320 3621 346 3688 1)
364 3617 499 3687 Porphyr.
518 3636 544 3673 v.
564 3616 647 3687 Pyth.
668 3620 709 3671 17.
734 3613 797 3685 Cyr.
815 3614 894 3669 Alex.
914 3630 937 3669 c.
956 3613 1008 3668 Iul.
1027 3633 1054 3684 p.
1070 3613 1158 3669 3420.

319 3707 346 3776 2)
367 3705 427 3777 Syr.
449 3708 525 3761 Διάε.

317 3798 344 3863 3)
363 3797 419 3851 ὡδε
438 3797 533 3850 θανὼν
551 3800 638 3848 κεῖται
656 3794 728 3862 Ζάν,
747 3793 780 3846 δν
799 3791 855 3846 Δία
874 3793 1067 3860 κικλήικουιιν.
1087 3790 1189 3861 Porph.
1208 3791 1228 3847 l.
1243 3792 1261 3846 l.

316 3887 345 3956 4)
364 3884 425 3955 (lyr.
445 3884 524 3938 Alex.
544 3901 566 3938 c.
581 3883 632 3940 Iul.
651 3901 679 3952 p.
697 3882 764 3937 1113.
792 3882 914 3948 Περεεὺε
932 3881 1070 3934 Διόνυιον
1088 3881 1208 3948 ἀναιρεῖ,
1227 3881 1261 3933 οὗ
1279 3881 1324 3934 nol
1342 3882 1395 3946 τὴν

244 3976 340 4042 ταφὴν
359 3973 430 4029 εἶναί
449 3992 532 4043 φαιιν
550 3976 580 4028 ἐν
599 3976 722 4042 Δελφοῑε
739 3973 815 4039 παρὰ
833 3973 883 4026 τὸν
902 3975 1022 4038 χρυεοῡν
1041 3970 1210 4025 Ἀπόλλωνα,

315 4065 343 4132 δ)
362 4061 474 4133 Scripsi.
492 4065 642 4144 1Ἰουλιανδν
661 4062 721 4118 cod.
742 4064 771 4116 ot
788 4060 921 4130 Loquien.

316 4155 343 4223 ἀ)
362 4151 474 4221 Scripsi.
495 4152 595 4220 Kopion
614 4151 747 4221 Lequien.

317 4243 344 4312 7)
362 4243 414 4298 τάν
433 4245 493 4296 515.
512 4245 571 4295 τῶν
591 4244 650 4296 780.

315 4332 343 4401 8)
363 4331 549 4397 ἀνεπίληπτον
568 4334 629 4385 515.
648 4327 851 4394 ἀνεπίπληκτον
871 4331 931 4381 780.

316 4423 344 4492 9)
362 4421 580 4488 ἀνεπιτήδευτον
599 4420 670 4486 ἔχειν
689 4423 749 4472 515.
769 4418 841 4483 ἔχειν
860 4416 1078 4483 ἀνεπιτήδευτον
1098 4418 1158 4470 780.
