3192 4906
580 276 620 334 De
640 275 741 334 iuliani
760 275 839 334 libris
857 275 1041 332 restituendis.
1324 273 1385 342 lll

237 446 307 507 τοῖς
336 440 446 507 ἄλλοις
476 446 615 508 concana
643 446 738 508 θεοῖς.
781 444 862 515 Quae
890 446 1033 506 continuo
1061 445 1146 523 sequi
1174 443 1246 504 mihi
1273 443 1390 506 videtur

238 551 345 612 Iuliani
374 551 457 614 locus
480 570 507 631 p.
526 549 622 613 1061)
652 560 718 631 post
748 569 836 610 voces
864 547 914 611 καὶ
945 546 1017 625 μεθ’
1045 548 1139 627 ἕτερα
1166 552 1290 631 positus.
1333 550 1416 621 Qui,

238 658 310 738 quid
335 658 393 720 sibi
421 659 491 720 velit
515 677 585 720 sane
613 657 745 736 intellegi
768 676 828 717 non
857 660 980 738 poterit,
1008 659 1066 719 nisi
1092 667 1122 719 et
1149 659 1390 736 interrogationis

238 768 324 846 signo
348 767 571 846 interpunxeris
591 774 659 846 post
677 761 762 841 ῥίζης
782 773 811 825 et
831 782 931 824 vocem
951 761 1106 841 ἡμετέρας
1125 782 1193 826 cum
1212 761 1297 840 ῥίζης
1318 782 1389 824 oon-

238 874 382 953 iunctam,
405 891 480 951 quae
506 880 552 933 est
574 873 652 952 apud
670 871 844 950 lacertum,
868 874 995 950 optimos
1014 871 1132 934 codices
1151 881 1272 934 secutus
1297 882 1389 932 muta-

238 980 318 1038 veris
342 981 372 1039 in
396 974 562 1054 essetnec,
591 988 624 1039 ut
646 977 822 1040 ludaeorum
846 980 937 1057 stirps
961 979 1152 1057 significetur.
1189 979 1292 1060 Neque
1316 979 1390 1040 diffi-

238 1085 296 1146 cile
320 1095 367 1146 est
389 1088 519 1164 cognitu,
543 1085 690 1165 quomodo
713 1085 908 1146 aemulatione
934 1103 986 1146 sua
1010 1085 1195 1148 demonstret
1213 1084 1389 1148 ludaeorum

238 1191 314 1252 deus
338 1211 397 1253 nou
426 1195 517 1253 totius
547 1191 648 1252 mnndi
676 1209 740 1251 sese
765 1209 831 1251 esse
856 1190 1017 1250 domiuum.
1054 1191 1156 1271 Neque
1185 1194 1263 1253 euim
1292 1160 1390 1271 poluit

238 1297 397 1378 aemulari,
425 1301 483 1360 nisi
506 1298 554 1360 alii
577 1306 696 1378 praeter
724 1299 821 1377 ipsum
845 1297 885 1357 dii
909 1297 1072 1359 exstabant.
1114 1297 1174 1359 lam
1198 1317 1278 1362 utine
1301 1301 1390 1378 parti·

237 1405 351 1466 culario
380 1404 555 1466 ludaeorum
588 1405 658 1485 deo,
690 1406 741 1482 qui
776 1403 846 1464 solis
874 1403 1016 1464 Hebraeis
1050 1403 1197 1486 consulat,
1230 1408 1391 1485 opponitur

229 1511 421 1572 'Graecorum
442 1529 584 1598 stennone,
602 1510 708 1572 lacuna
722 1508 805 1570 'nulla
825 1511 1009 1590 interposita,
1028 1529 1116 1589 quam
1135 1513 1242 1572 iniuria
1263 1511 1390 1591 [largen-

225 1621 302 1690 ,sius
321 1621 433 1698 statuit,
456 1619 494 1698 ig.
512 1614 608 1680 1151)
623 1636 686 1696 sqq.
723 1615 797 1676 Esse
820 1634 1002 1695 paganorum
1022 1616 1110 1676 deum
1131 1619 1263 1680 omniurn
1287 1636 1388 1680 rernm

238 1734 355 1804 patrem
375 1733 405 1786 et
429 1743 538 1804 regem,
562 1722 737 1784 distributas
757 1731 855 1783 antem
874 1741 940 1783 esse
964 1721 1035 1782 alias
1053 1730 1157 1800 gentes
1176 1722 1241 1784 aliis
1259 1723 1314 1804 die,
1336 1727 1389 1804 qui

236 1849 342 1891 omnes
366 1850 481 1892 summo
505 1830 560 1891 deo
583 1829 750 1891 oboediant.
788 1830 883 1908 Atque
913 1828 992 1909 quod
1021 1845 1125 1888 eorum
1149 1828 1269 1906 quidem
1292 1841 1391 1892 mores

238 1947 311 1997 sunt
333 1936 455 2018 diversi,
484 1934 674 2016 repetendam
703 1935 771 1995 hino
801 1953 866 1995 esse
891 1953 1009 1996 causam
1032 1936 1164 1994 omnium
1191 1938 1324 2024 gentium
1348 1938 1389 1998 di·

174 2089 180 2094 .
239 2045 398 2106 versitatis.
436 2043 517 2115 Quae
542 2050 650 2122 quanta
675 2045 713 2103 sit
735 2043 894 2121 exponitur
918 2039 1120 2122 s.13113sq.,
1144 2041 1223 2121 quod
1247 2047 1388 2114 continuo

236 2153 324 2230 sequi
344 2149 469 2230 Cyrinus
492 2149 611 2230 indicat,
636 2166 703 2210 cum
722 2167 750 2228 p.
768 2145 864 2209 131ss
888 2144 1092 2224 προςεπάγει,
1112 2151 1217 2229 inquit,
1236 2147 1286 2211 καί
1306 2169 1390 2228 φηςι.

238 2258 332 2318 Cuius
351 2258 530 2318 diversitatis
549 2273 667 2317 cansam
692 2257 811 2316 minime
833 2263 913 2316 recte
932 2255 1044 2316 Mosem
1064 2257 1236 2334 exposuisse
1260 2258 1386 2320 incredi·
1484 2299 1486 2305 -

237 2363 294 2424 bili
321 2382 373 2424 sua
402 2364 438 2424 de
467 2372 532 2425 orta
559 2363 727 2441 linguarum
755 2362 922 2423 differentia
951 2364 1133 2442 narratione;
1162 2358 1389 2448 lg.134sqq.¹)

237 2470 342 2548 Neque
358 2472 435 2531 enim
450 2468 618 2548 linguarum
633 2469 802 2530 diversitate
818 2468 969 2548 explanari
987 2469 1147 2542 discrimen
1163 2488 1280 2532 morum
1297 2471 1389 2533 marito

237 2579 343 2638 maius.
381 2576 441 2638 lleo
464 2579 556 2654 igitur
579 2595 594 2636 a
618 2575 698 2636 Mose
723 2576 901 2656 praedicato,
925 2578 975 2655 qui
998 2576 1183 2655 providentia
1207 2586 1315 2658 careat,
1338 2579 1390 2657 qui

238 2683 311 2743 solis
334 2681 450 2744 ludaeis
475 2686 589 2744 miserit
611 2682 770 2762 prophetas
798 2681 956 2762 legumque
984 2682 1107 2763 latores,
1137 2686 1244 2762 gratias
1268 2687 1389 2745 minime

236 2808 306 2852 esse
326 2789 467 2870 agendas3
482 2791 519 2869 ig.
538 2785 633 2850 137ss
650 2782 741 2872 sqq.⁹)
770 2788 862 2866 Multo
877 2797 977 2850 antem
996 2788 1117 2850 meliora
1136 2792 1257 2868 paganis
1271 2791 1388 2852 dedisse

236 2914 331 2975 quem
356 2897 413 2975 ipsi
436 2905 595 2956 censerent
618 2914 683 2956 esse
708 2894 811 2956 mundi
830 2902 1004 2974 creatorem,
1027 2893 1063 2954 de
1083 2913 1142 2973 quo
1167 2896 1254 2955 etiam
1278 2899 1390 2957 rectius

182 3037 186 3044 ·
235 3004 353 3082 deoque
377 3001 495 3082 dignius
519 3004 665 3064 sentirent
689 3019 776 3081 quam
801 3000 915 3080 ludaei,
939 3003 991 3079 qni
1014 3001 1151 3060 minimae
1176 3008 1273 3065 terrae
1297 3002 1387 3062 domi·

237 3127 311 3170 num
342 3127 410 3170 enm
440 3127 505 3170 esse
535 3115 705 3188 censerent;
735 3108 772 3186 lg.
794 3104 949 3186 14Iqu.
994 3104 1055 3166 lam
1083 3125 1162 3166 nunc
1190 3106 1245 3168 alia
1275 3109 1394 3173 ratione

236 3225 329 3294 atque
354 3234 388 3275 ea
412 3233 499 3294 quam
527 3217 592 3294 ipse
617 3212 775 3294 protulerit
797 3212 947 3293 explanari
971 3230 1031 3275 non
1053 3231 1141 3292 posse
1165 3213 1237 3275 dicit
1259 3213 1390 3276 lulianus

236 3340 356 3382 morum
384 3321 595 3401 differentiam,
628 3338 703 3400 quae
736 3322 766 3380 in
798 3319 936 3380 omnihus
969 3319 1107 3398 gentibus
1138 3322 1318 3401 reperiatur5
1351 3321 1390 3400 ig.

241 3425 340 3488 ilat
355 3447 418 3507 sqq.
447 3427 490 3488 Eo
505 3429 654 3488 severiore
674 3435 772 3488 autem
793 3426 1145 3511 vituperationedignum
1160 3445 1226 3488 csse
1241 3422 1390 3508 Mosetn,³)

231 3535 314 3616 quod
337 3535 528 3614 repetendam
551 3552 617 3594 esse
645 3534 839 3595 differentiae
863 3551 982 3594 causam
1006 3551 1022 3593 a
1051 3533 1174 3594 deorum
1201 3533 1389 3595 multitudine

238 3647 303 3721 ipse
329 3643 447 3702 minime
471 3643 629 3721 ignorarit,
653 3640 704 3702 sed
728 3640 895 3722 occuluerit
917 3639 1060 3700 consulto.
1098 3639 1158 3700 lam
1183 3639 1390 3720 disputationis

233 3753 380 3808 Summam
416 3744 630 3826 lg.1488sq.
657 3749 698 3807 ita
725 3727 848 3808 indicat:
883 3749 908 3806 si
937 3747 1064 3808 eundem
1092 3746 1195 3807 mnudi
1225 3756 1390 3809 creatorem

234 3854 408 3936 praedicent
431 3851 531 3914 ludaei
560 3861 590 3914 et
617 3856 734 3932 pagani,
765 3853 870 3916 melius
898 3851 934 3912 de
965 3872 999 3912 eo
1028 3855 1139 3914 sentire
1167 3871 1309 3933 paganos,
1337 3856 1383 3914 sin
1438 3842 1440 3846 ’

235 3964 345 4042 minus,
364 3977 483 4020 causam
502 3977 561 4018 non
581 3977 657 4039 esse,
675 3977 729 4020 cur
748 3957 925 4020 Indaeorum
943 3961 1043 4037 potius
1062 3958 1160 4019 colant
1178 3958 1277 4038 deum,
1297 3977 1385 4038 quam

238 4085 330 4146 quem
353 4083 448 4144 nsque
472 4064 567 4125 adhuc
591 4064 746 4125 coluerint

272 4222 339 4290 1)
359 4216 421 4286 (lyr.
443 4217 574 4274 will-t
561 4219 684 4285 ἐπιφέρει
702 4219 794 4274 πάλιν.

312 4306 749 4375 i)0y1·.l3iE:npocsndrmv.

313 4400 340 4462 3)
362 4397 446 4450 146A
466 4397 508 4449 ὅτι
523 4397 553 4448 δὲ
568 4398 612 4449 καὶ
632 4397 647 4448 ὁ
662 4397 763 4462 Μωςῆς
782 4395 916 4463 traditur·
935 4398 985 4452 ἔτι
1004 4400 1093 4454 δὲκαὶ
1108 4399 1124 4452 ὁ
1137 4399 1259 4466 Μωυςῇς
1273 4398 1388 4456 conicio
