3192 4906
533 268 997 325 Delutianitibrisrestituendis.
1275 261 1342 336 137v

192 446 266 519 tum,
290 437 369 517 quod
388 456 422 498 re
441 454 511 497 vera
528 438 625 516 primo
648 434 724 497 libro
742 436 935 498 tribuendum
955 455 1021 498 esse
1040 437 1247 499 demonstravi.
1283 438 1342 499 Sed

192 552 292 607 tamen
320 550 444 623 propter
474 551 681 622 argumentum
710 543 852 622 quaedam
876 562 893 604 e
921 544 1011 605 tertio
1038 543 1115 603 iihro
1143 543 1248 605 hausta
1276 563 1341 606 esse

192 653 338 712 existimo.
371 648 497 731 Cyrilius
516 651 596 710 enim
614 668 643 728 p.
657 645 756 711 2501}
775 648 937 712 τεύξεεθαι
953 648 998 726 δὲ,
1018 651 1123 731 inquit,
1142 654 1341 727 προεδοκῶει

194 752 249 840 (sc.
273 754 304 819 oi
329 753 521 833 Χριετιανοὶ)
549 753 600 817 καὶ
627 758 684 833 τῆε
707 755 743 818 ἐκ
770 758 893 833 νεκρῶν
916 753 1117 819 ἀναετάεειυε
1146 754 1182 819 ἐν
1208 756 1341 839 Χριετῷ·

171 861 212 928 ’ὁ
236 863 274 941 δὴ
299 860 431 940 μάλιετα
454 862 588 942 διαγελᾷ
611 860 691 938 πρὸε
714 865 782 925 τοῑε
804 859 914 925 ἄλλοι(
938 860 1054 925 ἅπαειν
1078 860 1170 940 ὁτῆε
1193 860 1342 941 ἀληθεία(

193 967 328 1047 ἐχθρός,
344 965 451 1045 ὥεπερ
480 967 537 1030 οὐκ
561 968 637 1031 ἐνὸν
665 973 711 1051 τῷ
736 967 841 1032 πάντα
869 967 1007 1045 ἰεχύοντι
1036 973 1100 1052 θεῷ
1127 969 1178 1034 καὶ
1201 968 1341 1034 θανάτου

193 1076 360 1154 κρείττονα
384 1059 554 1152 ἀποφῆναι
578 1075 637 1138 τὸν
661 1073 748 1157 λόγῳ
772 1077 897 1154 φθορᾶε
921 1073 1132 1154 ὑποκείμενον
1155 1076 1235 1139 κατὰ
1258 1076 1342 1140 ἰδίαν

194 1183 289 1262 φύειν
308 1180 370 1244 κτὲ.
411 1183 453 1245 De
477 1191 664 1246 mortuorum
686 1193 784 1246 autem
808 1188 1030 1248 resurreetione
1054 1192 1155 1264 egerat
1177 1184 1286 1246 Paulus
1310 1187 1340 1246 in

194 1291 321 1372 epistula
348 1293 443 1371 prima
472 1291 507 1351 ad
531 1289 810 1353 Thessalonicenses
839 1291 905 1352 data
927 1290 963 1374 4,
984 1290 1025 1353 13
1040 1310 1103 1371 sqq.
1139 1292 1182 1352 Ae
1209 1290 1344 1352 versibus

196 1397 237 1461 16
252 1401 315 1478 sqq.
340 1398 413 1458 dixit
435 1397 545 1458 Paulus
573 1398 636 1458 iore
661 1405 694 1459 ut
716 1400 774 1478 ipsi
801 1401 832 1460 in
856 1399 969 1460 eaelum
994 1398 1197 1460 ascenderent.
1233 1395 1343 1473 Αὐτόε,

195 1509 306 1587 inquit,
334 1501 353 1566 ὁ
381 1501 488 1580 κύριοε
516 1503 553 1566 ἐν
582 1501 779 1581 κελεύεματι,
808 1503 844 1567 ἐν
873 1509 968 1587 φωνῇ
998 1501 1201 1581 ἀρχαγγέλου
1227 1502 1280 1566 καὶ
1307 1502 1344 1566 ἐν

105 1603 118 1619 '
195 1611 343 1686 εάλιιιγγι
362 1611 440 1674 Θεοῦ
459 1610 666 1688 καταβήιεται
685 1606 743 1671 ἀπ’
763 1607 913 1687 οὐρανοῦ,
931 1610 982 1673 καὶ
1000 1608 1032 1673 οἱ
1046 1610 1152 1688 νεκροὶ
1171 1609 1207 1674 ἐν
1224 1609 1344 1692 >tatae

198 1717 426 1796 ἀναετήεονται
449 1718 588 1794 πρῶτον,
613 1714 723 1780 ἔπειτα
741 1715 830 1794 ἡμεῑε
849 1715 880 1780 οἱ
898 1719 1017 1782 Ζῶντεε
1037 1716 1068 1781 οἱ
1087 1715 1344 1794 περιλειπόμενοι

195 1825 260 1905 ἅμα
283 1825 339 1888 εὺν
362 1821 472 1887 αιἰτοῑε
495 1819 744 1900 ἀρπαγηεόμεθα
767 1821 803 1886 ἐν
831 1823 984 1900 νεφέλαι(
1012 1821 1056 1887 εἰ(
1085 1821 1259 1900 ἀπάντηειν
1285 1825 1344 1885 τοῦ

196 1930 305 2010 κυρίου
322 1929 366 1996 εἰε
381 1928 468 2008 ἀέρα.
501 1930 561 1992 lam
576 1949 647 1992 vero
661 1931 741 1994 hune
756 1950 875 2011 quoque
894 1931 991 1994 iocum
1011 1934 1221 2012 perstrinxisse
1236 1947 1343 1992 censeo

195 2040 342 2102 lulianum
360 2037 436 2100 libro
456 2039 558 2119 terti0;
577 2038 775 2118 fragmentum
794 2041 873 2100 enim
893 2041 957 2101 eius
976 2058 993 2101 a
1012 2039 1103 2102 Suida
1123 2059 1145 2100 s.
1160 2057 1185 2098 v.
1205 2033 1345 2099 ἀπόνοια

196 2155 347 2208 servatum
371 2145 430 2207 hue
457 2147 609 2225 pertinere
638 2145 710 2206 mihi
737 2145 863 2206 videtur.
904 2146 989 2218 Quod
1014 2165 1192 2227 quamquam
1215 2165 1232 2206 a
1255 2145 1346 2206 Suida

196 2273 257 2316 non
276 2253 425 2314 indicatur
443 2271 480 2313 ex
499 2270 558 2332 quo
577 2251 654 2314 libro
674 2254 713 2313 sit
732 2252 950 2336 depromptum,
974 2255 1066 2316 fuisse
1084 2253 1183 2316 iudico
1202 2255 1238 2313 in
1261 2250 1345 2313 libris

196 2369 302 2422 eontra
324 2358 508 2420 Christianos
537 2361 656 2439 seriptis
683 2369 806 2439 propter
833 2378 921 2420 voees
949 2363 1005 2439 τῆε
1033 2357 1166 2438 ἐεχάτηε
1190 2355 1345 2422 ἀπονοία(

197 2464 269 2536 ἐετὶΙ
290 2467 427 2541 εημεῖον.
473 2466 569 2546 Atque
599 2453 662 2527 f'ore
691 2475 725 2528 ut
753 2466 912 2528 Christiani
940 2467 1023 2529 brevi
1050 2477 1118 2548 post
1150 2466 1346 2528 ascenderent

197 2575 229 2634 in
257 2572 372 2634 eaelum
399 2591 467 2632 eum
494 2574 602 2635 iniuria
625 2572 736 2634 Paulus
760 2582 790 2635 et
818 2575 972 2654 professus
999 2583 1079 2636 esset
1106 2582 1137 2635 et
1163 2576 1227 2654 ipse
1250 2571 1345 2633 eredi-

198 2679 300 2760 disset,
322 2677 455 2740 Iulianus
477 2677 515 2742 τὸ
540 2679 579 2756 μὴ
604 2678 794 2756 προῖδέεθαι,
818 2682 928 2762 inquit,
951 2678 989 2742 τό
1012 2699 1047 2743 τε
1071 2679 1211 2743 δυνατὸν
1233 2677 1284 2741 καὶ
1307 2678 1346 2741 τὸ

198 2780 359 2847 ἀδύνατον
377 2781 414 2847 έν
428 2781 586 2862 πράγμαει
605 2788 661 2862 τῆ(
680 2782 813 2862 έεχάτηε
827 2782 983 2849 ἀπονοία(
997 2785 1060 2848 teri
1080 2789 1216 2863 εημεῑαν.
1251 2786 1345 2847 Simili

197 2871 288 2955 modu
311 2890 414 2954 eadem
437 2891 522 2953 Pauli
545 2891 635 2953 verba
658 2893 920 2972 reprehenduntur
942 2911 958 2953 a
981 2893 1157 2973 philosopho
1180 2892 1345 2954 Macarieno

197 2997 235 3060 lV
254 2995 275 3060 2
297 3017 326 3077 ρ.
347 2995 420 3061 159.
