3194 4904
135 349 137 353 ’
249 352 289 415 16
761 351 852 421 Caput
870 353 890 406 1.
905 409 906 412 γ

249 519 315 578 τῶν
343 517 425 595 πρόο
446 517 602 594 Ἕλληνα(
631 515 729 580 αὐτοῦ
758 513 970 597 ἀποκρίτεων;
994 523 1024 576 et
1046 535 1074 595 p.
1101 513 1118 576 7
1147 517 1177 574 in
1198 515 1299 576 codice
1320 515 1397 576 Vati·

234 618 321 686 ¹cano
346 623 411 687 840
436 626 534 687 locum
558 626 702 704 Magnetis
730 627 856 686 inveniri
880 619 913 684 M.
939 620 1002 685 166
1030 641 1097 683 cum
1122 623 1316 701 inscriptione
1339 623 1397 683 τοῦ

246 730 412 808 Μακαρίου
437 729 611 808 Μάγνητοτ
635 731 669 794 ἐκ
693 733 758 792 τῶν
783 729 863 807 πρὸ(
885 728 1041 807 Ἕλληνα(
1065 711 1164 791 αὐτοῦ
1188 724 1396 806 άποκρίτεων.

244 839 305 898 lam
329 858 409 900 nuno
433 841 529 899 oritur
560 838 717 898 dillicultas
741 845 842 898 utrum
866 837 939 897 fides
967 835 1101 896 habenda
1126 836 1164 895 sit
1188 836 1285 898 verbis
1309 840 1398 898 tertio

247 946 322 1006 libro
345 949 516 1026 praemissis
541 945 612 1022 περὶ
635 946 702 1007 τῶν
725 943 761 1006 ἐν
784 946 830 1025 τῷ
850 939 1033 1023 Εὐαγγελίῳ
1057 938 1244 1018 ζητημάτων
1268 941 1318 1005 καὶ
1342 942 1396 1004 λά-

243 1071 337 1130 (εων,
369 1072 404 1115 nn
433 1056 476 1115 eis
505 1069 579 1132 quae
604 1060 671 1113 ante
700 1051 808 1112 librum
838 1059 977 1130 quartum
1008 1034 1200 1129 rep'eriuntur
1228 1049 1302 1127 περὶ
1331 1053 1397 1114 τῶν

246 1156 478 1237 ἀπορουμένων
494 1159 529 1221 ἐν
544 1163 582 1240 τῇ
599 1158 694 1240 Κοινῇ
710 1156 856 1238 Διαθήκῃ
871 1153 1058 1234 ζητημάτων
1072 1156 1122 1219 καὶ
1137 1155 1267 1220 λάτεων,
1291 1159 1396 1220 Totius

246 1286 316 1327 sane
345 1269 444 1346 operis
472 1268 696 1346 inscriptionem
730 1268 828 1326 inesse
854 1284 913 1326 non
939 1283 1027 1344 posse
1056 1266 1087 1326 in
1119 1265 1270 1344 prioribus
1298 1266 1396 1328 vorbis

246 1393 334 1434 nemo
358 1373 487 1454 negabit,
505 1392 573 1434 cum
596 1373 672 1433 libro
697 1378 802 1451 quarto
827 1355 886 1432 non
906 1373 942 1433 de
966 1372 1126 1452 evangelio,
1150 1372 1202 1432 sed
1226 1373 1262 1433 de
1286 1376 1396 1454 epistu-

245 1481 341 1542 larum
364 1483 509 1562 imprimis
534 1489 637 1560 agatur
659 1479 741 1540 locis,
784 1479 843 1540 Sed
865 1480 974 1540 dixerit
997 1481 1074 1540 lorte
1098 1482 1244 1560 quispiam
1267 1481 1395 1559 peculia·

246 1606 309 1648 rem
339 1590 420 1649 tertii
448 1587 516 1648 libri
540 1607 574 1648 eo
599 1589 746 1648 contineri
773 1589 1007 1667 inscriptionem.
1049 1587 1152 1666 Neque
1180 1606 1250 1647 vero
1278 1589 1304 1646 is
1331 1607 1395 1648 rem

246 1713 301 1755 acu
321 1698 461 1774 tetigerit.
494 1695 568 1754 Nam
587 1676 617 1755 in
639 1694 734 1754 medio
755 1696 842 1754 tertio
861 1693 938 1754 libro
957 1696 1101 1755 transitus
1119 1694 1152 1755 fit
1171 1693 1206 1753 ad
1227 1695 1395 1755 tractandos

247 1809 380 1862 actorum
405 1810 435 1863 et
458 1801 652 1881 epistularum
675 1800 765 1860 locos.
807 1798 1002 1861 Inveniuntur
1026 1809 1124 1861 autem
1147 1800 1220 1860 baec
1243 1802 1274 1861 in
1299 1801 1395 1862 indice

246 1926 347 1968 rerum
371 1916 438 1986 post
461 1915 550 1986 caput
572 1909 693 1967 tertium
718 1895 879 1966 decimum:
901 1903 1028 1983 Ἑτέρα(
1051 1904 1233 1969 ὑποθέτεω(
1256 1903 1337 1984 ἀρχὴ
1361 1907 1397 1970 ἐκ

157 2067 161 2074 .
245 2015 311 2074 τῶν
328 2010 484 2090 Πράξεων
499 2012 549 2075 καὶ
563 2015 621 2075 rob
636 2009 840 2076 Ἀποττόλου.
870 2012 1022 2093 Epistulae
1037 2017 1115 2075 enim
1135 2016 1203 2074 novi
1226 2017 1396 2075 testamenti

246 2123 314 2182 inde
339 2121 374 2182 ab
399 2130 525 2181 exeunte
549 2119 716 2182 saeculoll.
740 2117 759 2180 ὁ
779 2116 958 2181 άπόττολοτ
981 2117 1196 2204 άίοοάοπῐωῙ).
1233 2120 1396 2182 Exstabant

248 2230 338 2306 igitur
366 2231 397 2288 in
426 2229 518 2289 totius
547 2229 646 2307 operis
674 2229 867 2307 inscriptione
897 2227 986 2288 verba
1015 2225 1051 2289 έν
1079 2231 1116 2308 τῇ
1140 2231 1231 2309 καινῇ
1256 2227 1395 2308 διαθήκη.

246 2334 353 2396 Latent
380 2344 479 2395 autem
508 2337 597 2394 etiam
626 2335 697 2394 aliae
721 2334 907 2414 corruptelae
935 2336 966 2394 in
995 2334 1091 2395 verbis
1119 2337 1207 2395 tertio
1232 2344 1262 2395 et
1290 2344 1395 2413 quarto

246 2439 322 2500 libro
341 2442 520 2519 praemissis.
554 2439 631 2510 Quro
651 2442 728 2500 enim
745 2449 790 2500 est
809 2437 1009 2515 ἀποκριτῑκὸτ
1029 2438 1101 2516 περὶ
1121 2437 1264 2502 luceam?
1292 2440 1395 2521 Neque

248 2555 329 2606 recte
353 2547 494 2607 dicuntur
517 2543 557 2606 έν
580 2547 626 2627 τῷ
651 2543 828 2626 εὐαγγελίῳ
852 2545 1013 2622 Ζητήματα
1036 2565 1064 2626 p.
1085 2543 1138 2622 49,
1161 2549 1278 2627 optime·
1296 2555 1395 2608 autem

246 2673 274 2733 p.
301 2649 363 2714 155
387 2650 459 2728 περὶ
482 2653 547 2713 τῶν
571 2649 805 2728 ἀπορουμένων
828 2651 868 2714 ἐν
891 2656 929 2734 τῇ
957 2657 1048 2735 καινῇ
1072 2652 1202 2734 διαθήκη
1226 2631 1417 2731 Ζητήματα.Ι

247 2760 322 2820 'lum
348 2769 463 2833 veteres
487 2761 650 2839 scriptores
673 2759 766 2819 libros
789 2762 829 2820 ita
852 2759 1017 2820 inscribere
1047 2759 1194 2842 solebant,
1222 2769 1256 2822 ut
1279 2763 1309 2821 in
1331 2763 1396 2840 ipsa

248 2868 483 2946 uniuscuiusque
506 2866 576 2927 libri
598 2869 792 2947 inscriptione
816 2869 1001 2929 inveniretur
1029 2866 1097 2928 libri
1121 2886 1272 2928 numerus.
1314 2868 1395 2939 Quae

248 2992 315 3061 cum
343 2975 383 3034 ita
416 2976 489 3055 sint,
519 2992 534 3033 a
562 2993 632 3034 vero
666 2975 712 3033 vix
742 2973 958 3056 aberrabimuS,
990 2976 1016 3034 si
1043 2976 1083 3034 ita
1113 2976 1273 3054 inscriptos
1303 2976 1396 3036 luisse

248 3099 405 3141 censemus
438 3083 570 3160 quinque
599 3075 650 3162 (dc
678 3097 803 3140 numero
831 3080 868 3141 cl.
896 3079 1053 3140 Dnchesne
1080 3100 1108 3160 p.
1135 3077 1176 3142 15
1191 3077 1248 3164 sq.)
1277 3083 1396 3142 Macarii

247 3187 390 3266 Magnetis
413 3187 518 3248 libros:
552 3182 718 3261 Μακαρίου
744 3182 915 3262 Μάγνητα(
940 3185 1129 3262 Μονογενὴε
1152 3186 1171 3262 ἢ
1196 3184 1396 3265 ἀποκριτικότ

248 3293 328 3371 πρὸ(
351 3293 515 3370 Ἕλληνας.
557 3293 638 3370 Περὶ
664 3295 730 3355 τῶν
754 3289 987 3370 ἀπορουμένων
1015 3293 1051 3356 έν
1078 3297 1116 3375 τῇ
1145 3299 1235 3376 καινῇ
1264 3295 1394 3375 διαθήκῃ

250 3517 299 3568 tur
318 3509 478 3588 disputatio
498 3507 666 3587 philosophi
685 3509 838 3569 cuiusdam
858 3509 972 3591 Graeci,
991 3512 1043 3589 qui
1061 3509 1257 3572 Christianam
1277 3519 1396 3572 accusat

250 3613 433 3695 religionem,
452 3634 519 3675 cum
539 3615 665 3674 Macerio
684 3615 818 3694 Magnete
842 3616 949 3678 habita.
982 3617 1075 3688 Quam
1094 3637 1127 3679 re
1146 3637 1215 3679 vera
1234 3635 1395 3696 numquam

249 3725 289 3783 ita
312 3720 442 3790 habitam
466 3739 532 3781 esse
556 3722 685 3782 ostendit
709 3725 875 3784 orationum
898 3723 1052 3802 longitudo
1076 3733 1106 3786 et
1129 3733 1262 3786 servatus
1286 3726 1316 3784 in
1337 3723 1395 3782 Ma-

249 3831 321 3889 carii
345 3827 573 3888 refutationibus
601 3823 1031 3909 pbilosopbi'criminationunr
1055 3831 1137 3892 ordo.
1178 3832 1274 3910 Atque
1299 3831 1397 3890 effecit

249 3935 405 3997 lluchesne
428 3954 456 4014 p.
476 3931 516 3994 21
542 3953 577 3994 ex
601 3935 718 3996 diverso
738 3939 883 3997 sermonis
902 3955 1021 4017 genere,
1044 3956 1103 4016 quo
1122 3945 1280 4019 uterentur
1302 3935 1395 4016 philo-

250 4042 361 4121 sopbus
385 4050 415 4102 et
437 4041 595 4124 Macarius,
625 4051 792 4104 mutuatum
818 4062 883 4104 esse
911 4043 993 4104 illum
1022 4044 1189 4124 philosophi
1213 4046 1335 4105 crimina
1360 4063 1396 4104 ex

250 4149 325 4211 libro
349 4148 476 4228 quodam
496 4157 598 4209 contra
622 4149 806 4211 Christianos
830 4153 949 4230 scripto.
987 4149 1081 4220 Quam
1101 4151 1304 4231 comprobavit
1327 4170 1395 4213 con-

249 4289 462 4296 ..μ-.-

324 4377 349 4442 1)
372 4373 412 4428 De
432 4374 532 4442 quibus
551 4375 678 4428 actorum
701 4375 731 4427 eb
749 4373 931 4442 epistularum
957 4375 1026 4429 loeis
1050 4375 1226 4444 quaestiones
1250 4375 1396 4430 institutae

250 4463 318 4530 sint,
338 4462 513 4530 intellegitur
532 4479 566 4516 ex
583 4461 721 4516 indicibus
740 4461 818 4517 libris
837 4463 920 4519 terlio
941 4467 969 4518 et
988 4466 1090 4532 quarto
1107 4464 1276 4534 praemissis.
