3192 4906
493 264 583 336 Caput
601 265 649 320 III.
685 267 727 320 De
746 265 848 320 Iuliani
864 265 959 321 verbis
978 267 1187 322 constituendis.
1352 269 1414 333 139

268 440 458 512 comparetur
474 451 541 493 cum
557 432 631 494 caeli
649 435 754 516 anima,
773 433 810 494 de
830 452 888 513 qua
904 443 991 496 antea
1004 433 1136 495 lulianus
1150 435 1272 518 dixerat,
1290 434 1414 497 dubium

268 557 329 599 non
353 547 412 620 est,
440 541 512 618 quin
539 539 629 601 verba
656 536 763 616 ὥοπερ
787 573 829 582 —-
853 539 890 604 ἐν
912 539 986 618 ἡμῖν
1010 543 1115 619 ψυχῆς
1141 552 1210 621 post
1232 540 1414 619 ἑνοικούεηε

268 643 357 725 αὐτῷ
388 645 525 725 ponenda
558 648 625 708 siut.
670 645 774 726 Neque
808 646 905 709 obstat
932 647 1030 707 hiatus
1058 644 1145 728 αὐτῷ
1178 644 1297 730 ὥοπερ,
1325 668 1414 728 quem

268 751 415 812 Inhanum
434 771 494 814 nou
508 756 616 814 vitasse
631 772 686 814 suo
704 754 770 814 loco
785 754 1062 816 demonstrabimus.
1092 754 1150 816 Sed
1165 754 1282 842 obstare
1297 757 1414 817 videtur

269 859 405 942 GyrilluS,
429 864 481 940 qui
498 880 526 941 p.
547 859 637 923 tin:
661 856 730 922 εἶτά
744 879 856 938 φηςιν,
879 865 989 944 inquit,
1012 858 1061 924 ὅτι
1085 860 1172 937 παρὰ
1191 865 1296 938 ψυχῆς·
1314 860 1413 938 κρείτ-

268 984 364 1028 τονοε
388 965 439 1029 καὶ
461 967 625 1044 θειοτέρα(
652 965 835 1044 ἐνοικούκηε
863 965 951 1050 αὐτῷ
975 967 1107 1045 φέρεται
1131 966 1235 1050 κύκλῳ
1261 968 1334 1045 περὶ
1356 967 1414 1032 τὸν

267 1073 369 1149 μέγαν
398 1066 604 1158 ὃῃμιουργόν,
633 1074 654 1151 ἢ
682 1072 763 1150 πρὸ(
792 1072 893 1136 αὐτοῦ
920 1077 978 1136 τοῦ
1008 1075 1171 1152 deebriare
1198 1072 1317 1152 κίνηκιν
1340 1072 1414 1152 ἔχει,

267 1176 375 1256 ὥςπερ
407 1177 482 1258 οἶμα
513 1179 553 1243 τὰ
581 1178 718 1257 ἡμέτερα
751 1178 888 1257 (ώματα.
931 1181 1034 1261 Neque
1068 1183 1160 1260 igitur
1187 1184 1289 1261 negari
1315 1189 1415 1262 potest

180 1304 184 1312 ⁴
267 1286 410 1366 Gyrillum
427 1289 517 1349 verba
536 1285 642 1364 decep
662 1283 724 1349 κτὲ.
744 1306 780 1347 eo
800 1287 865 1348 loco
883 1287 1001 1369 legisse,
1026 1307 1085 1368 quo
1103 1289 1177 1348 ferri
1195 1305 1230 1348 ea
1248 1306 1307 1349 uon
1326 1307 1414 1368 posse

266 1394 357 1454 medo
380 1395 505 1456 ostendi.
539 1395 598 1455 Sed
617 1395 687 1474 quid
707 1391 821 1456 multa?
853 1394 1031 1478 Corruptam
1054 1398 1112 1457 iam
1130 1394 1269 1475 praebuit
1287 1398 1413 1475 scriptu·

266 1521 333 1562 ram
354 1502 461 1563 luhani
484 1502 586 1584 codex,
610 1520 699 1582 quem
722 1500 856 1564 adhibuit
879 1501 1015 1580 Cyrillus.
1062 1502 1121 1573 Qui
1142 1505 1207 1582 ipse
1231 1521 1349 1582 quoque
1373 1504 1414 1563 vi-

267 1611 343 1670 tium
370 1611 469 1669 inesse
502 1608 709 1669 animadvertit
740 1616 770 1669 et
802 1610 920 1668 omissis
949 1608 1047 1668 verbis
1078 1606 1166 1685 παρὰ
1193 1612 1249 1686 τῆ(
1277 1607 1313 1672 ἐν
1339 1607 1414 1686 ἡμῖν

268 1718 375 1793 ψυχῆς
398 1695 549 1794 corrigere
573 1715 700 1796 studuit,
725 1715 776 1776 sed
800 1713 910 1774 oblevit
932 1714 1053 1795 vulnuS,
1076 1734 1136 1776 non
1160 1719 1280 1777 sanavit.

357 1822 418 1883 Iam
433 1840 503 1882 vero
526 1823 688 1902 deperditis
711 1825 805 1902 ipsius
819 1823 919 1901 operis
937 1821 1061 1882 Iulianei
1084 1822 1244 1903 codicibus,
1268 1831 1329 1883 tota
1351 1824 1414 1884 fere

268 1931 403 2009 quaestio
428 1948 503 2008 quae
528 1938 573 1990 est
596 1929 632 1989 de
655 1928 761 1990 Iuliani
784 1929 882 1990 verbis
902 1929 1117 1990 constituendis
1139 1930 1251 2008 pendet
1273 1949 1309 1990 er
1331 1939 1413 1991 recte

268 2035 459 2098 aestimandis
490 2037 574 2098 libris
607 2055 696 2096 manu
725 2037 845 2115 scriptis
878 2035 1066 2097 refutationis
1095 2035 1276 2115 dyrillianae.
1319 2036 1413 2107 Quam

266 2145 355 2222 longe
376 2144 607 2204 emendatiorem
624 2142 801 2224 legeremus,
821 2145 846 2203 si
860 2145 1031 2204 etiamnunc
1046 2150 1176 2204 exstaret
1195 2137 1311 2204 codex
1326 2139 1414 2204 Gon·

267 2244 666 2329 siontinopoliiunus,
685 2269 775 2328 quem
794 2268 818 2311 a.
839 2247 904 2310 680
927 2250 1019 2310 luisse
1039 2253 1070 2310 iu
1095 2249 1273 2338 bibliotheca
1290 2253 1414 2330 patriar-

268 2357 336 2418 chei
359 2357 501 2418 docemur
524 2365 658 2418 actorum
682 2356 786 2437 synodi
808 2356 907 2418 Const.
931 2357 996 2417 loco
1021 2351 1138 2441 (MansI,
1158 2377 1180 2418 s
1200 2377 1282 2420 conc.
1302 2377 1329 2418 n.
1350 2357 1414 2420 coll.

268 2463 319 2523 XI.
339 2459 417 2544 4103
441 2465 477 2524 cl.
497 2482 586 2543 supra
607 2483 636 2544 p.
651 2457 771 2545 disq).
814 2463 999 2542 Quamquam
1022 2465 1101 2525 euim
1124 2465 1213 2525 verba
1237 2461 1315 2543 ‘iisse
1339 2468 1414 2542 χρῆ-

268 2588 315 2632 (ιε
337 2566 487 2631 ocche<
506 2565 682 2648 ἀντεβλήθη
705 2568 787 2645 πρὸς
807 2567 927 2647 βιβλίον
947 2568 983 2631 ἐν
1007 2568 1122 2646 cupae
1141 2575 1197 2649 τῆ(
1218 2573 1414 2651 βιβλιοθήκης

267 2674 431 2753 τυγχάνον
453 2679 511 2738 τοῦ
540 2675 678 2740 ἐνταῦθα
706 2674 842 2751 εὐαγοῦκ
870 2674 1112 2753 πατριαρχείου’
1137 2680 1173 2740 de
1199 2679 1263 2740 loco
1288 2680 1415 2759 quodam

269 2786 410 2845 dicuntur
430 2785 604 2865 deprompto
624 2804 660 2845 cx
679 2785 755 2846 XIII.
774 2783 875 2864 Cyrilli
897 2783 984 2866 libro,
1007 2785 1095 2845 etiam
1113 2789 1226 2865 primae
1245 2797 1276 2847 et
1293 2787 1414 2848 alterius

267 2891 406 2973 pentadis
425 2891 557 2953 codicem
579 2895 611 2953 in
631 2893 734 2954 eadem
752 2891 929 2952 bibliotheca
950 2893 1042 2952 luisse
1060 2895 1109 2952 vir
1127 2896 1284 2972 quisquam
1306 2895 1415 2954 infitias

223 3079 224 3082 Ἴ
267 3003 315 3061 ire
343 2999 429 3060 volet.
469 2999 566 3078 Atque
595 3000 722 3079 deperiit
750 3001 839 3059 etiam
867 2998 942 3058 alter
970 2992 1086 3059 codex
1113 3008 1258 3061 vetustate
1281 3001 1415 3081 insIgnis,

269 3109 327 3186 qui
346 3108 402 3167 suit
421 3106 491 3166 olim
509 3101 898 3185 Ioannis-Gapnlonis
932 3104 1023 3166 Culus
1042 3108 1176 3167 notitiam
1195 3106 1330 3167 Andreae
1346 3107 1414 3167 Cra-

268 3212 377 3275 tandro
396 3212 539 3273 debemus
558 3208 674 3295 (Cyrilli
692 3231 790 3293 opera.
810 3212 941 3272 basileae
959 3205 1068 3292 1528),
1088 3214 1139 3290 qui
1157 3211 1204 3273 die
1222 3211 1273 3274 24.
1289 3213 1415 3292 Augusti

269 3341 296 3382 a.
323 3317 406 3382 1528
435 3319 508 3380 haec
530 3321 562 3381 in
584 3321 767 3400 praelatione
791 3319 929 3380 editionis
958 3337 1029 3379 suae
1053 3321 1185 3398 scripsit:
1213 3314 1285 3379 “Ex
1306 3318 1414 3379 Biblio-

270 3428 358 3489 theca
381 3425 506 3486 familiae
531 3427 560 3487 S.
583 3427 729 3489 Dominici
753 3444 812 3516 que
830 3426 892 3508 hic,
914 3426 954 3506 ij
980 3424 1003 3487 b
1025 3425 1157 3504 religiosi
1179 3433 1292 3509 patres,
1319 3427 1413 3487 Dialo-

272 3543 348 3614 goru
362 3533 455 3594 libros
474 3535 729 3595 comumcaverut:
753 3552 789 3593 cx
802 3528 1009 3593 Phorcensi
1030 3541 1107 3612 aute,
1120 3533 1204 3592 iussu
1223 3532 1417 3594 illustrissImi
1522 3611 1524 3614 Ι

270 3660 305 3702 ac
324 3640 501 3701 nobilissImi
519 3640 552 3702 ll.
571 3638 699 3720 Philippi
717 3640 896 3701 llarchionis
909 3641 1061 3715 badensis,
1080 3641 1285 3720 patrocinante
1303 3644 1415 3722 optimo

269 3768 305 3810 ac
329 3747 540 3828 eruditissimo,
564 3751 732 3828 ommumq3
756 3749 958 3810 studiosorum
981 3756 1116 3830 patrono,
1139 3746 1245 3809 Iacobo
1264 3749 1416 3831 Ilirshero,

270 3855 330 3916 duo
354 3855 534 3934 deprompta
552 3863 622 3915 sunt
645 3855 823 3934 exemplaria
846 3856 971 3938 Graeca,
999 3858 1091 3916 mIrae
1115 3857 1312 3934 antiquitatis:
1339 3874 1415 3934 quae

269 3962 341 4023 olim
364 3963 528 4023 doctissimi
548 3956 706 4022 Ioannis
725 3957 928 4041 capnionis
952 3963 1044 4023 fuere.
1081 3962 1175 4022 Porrd
1195 3980 1297 4043 unum,
1319 3962 1415 4042 Ephe·

270 4072 329 4130 sini
348 4067 462 4148 consilij
487 4076 551 4128 acta
570 4071 714 4150 rotinere,
737 4070 796 4129 una
817 4087 883 4129 cum
904 4068 1038 4130 eiusdem
1061 4071 1241 4130 sanctissimi
1259 4067 1414 4131 ct'doctis-

270 4178 339 4238 simi
353 4177 408 4235 viri
423 4174 565 4257 epistolis,
583 4176 631 4236 uel
651 4169 699 4258 (ut
717 4175 763 4256 alij
779 4169 902 4256 uocant)
921 4175 1015 4256 libris,
1034 4178 1103 4255 quia
1122 4194 1202 4236 nunc
1216 4175 1253 4235 ob
1272 4179 1415 4255 temporis

270 4284 437 4361 angustiam
460 4281 574 4343 absolui
595 4301 654 4342 non
678 4285 783 4363 potuit,
806 4281 979 4362 propediem
1002 4284 1124 4362 proprio
1147 4290 1227 4343 tomo
1251 4282 1414 4362 iuuulgabi·

270 4407 367 4454 mus„
389 4388 523 4450 Alterum
555 4408 624 4450 vero
654 4391 744 4468 quim
772 4389 899 4450 fideliter
927 4389 1025 4472 licuit,
1056 4406 1187 4470 versum,
1214 4391 1274 4450 iam
1301 4393 1413 4469 accipe:
