3192 4906
543 343 584 399 De
603 341 705 400 Iuliani
723 341 803 398 libris
824 341 1014 403 restituendis.
1286 311 1353 412 '119

204 509 236 569 id
264 528 297 569 se
326 511 445 569 minime
477 527 586 589 negare
614 509 703 571 verba
735 512 833 572 lacere
860 509 972 572 Mosem
998 510 1035 571 de
1068 509 1168 572 multis
1197 511 1245 572 dei
1272 511 1354 593 filiis3

206 635 304 695 neque
327 635 397 677 vero
417 634 595 696 quemquam
614 636 718 678 eorum
742 621 782 679 ita
805 621 884 680 inter
903 626 1020 680 ceteros
1044 618 1198 698 excellere,
1222 628 1256 679 ut
1279 621 1354 682 tanti

206 725 379 784 aestimetur
403 725 505 802 quanti
528 725 625 806 lesus;
655 744 745 804 quem
768 725 886 804 quidem
915 727 1012 804 ipsum
1041 725 1130 786 deum
1154 725 1301 785 nominari
1323 732 1354 785 et

206 848 265 890 una
288 848 356 890 cum
379 840 463 910 patre
487 831 544 891 coli
566 830 706 892 Matthaei
733 831 798 892 loco
823 829 941 914 28,19
970 830 1204 894 luculentissime
1232 829 1352 896 demon-
1416 811 1418 816 ⁵

206 939 303 998 strari.
327 937 377 1016 Fg.
392 934 490 999 290ss
507 957 570 1018 sqq.

211 1074 213 1078 ·
294 1043 380 1105 Nunc
412 1044 504 1106 altera
534 1047 638 1107 tertiae
671 1049 764 1126 partis
796 1045 979 1126 paragrapho
1006 1044 1138 1106 lulianus
1170 1044 1354 1106 demonstrat
1439 1123 1443 1134 ι

206 1150 390 1212 Christianos
408 1151 584 1213 ludaeorum
603 1152 683 1232 leges
703 1161 733 1214 et
755 1155 890 1215 instituta
909 1153 1086 1214 deseruisse.
1124 1151 1216 1213 Cuius
1234 1152 1352 1212 initium

153 1269 159 1278 '
205 1267 265 1318 non
289 1265 386 1318 exstat
410 1260 574 1339 integrum,
603 1258 654 1321 sed
683 1277 699 1319 a
723 1258 830 1338 Cyrillo
858 1259 979 1320 hrerius
1006 1257 1163 1320 redditum.
1199 1256 1353 1318 iuvenitur

205 1373 304 1424 autem
319 1384 346 1443 p.
358 1361 456 1426 298a
471 1365 540 1427 hoc:
559 1361 599 1427 οὐ
613 1363 674 1441 γάρ
688 1384 737 1427 τοι
757 1363 832 1442 φηιί
850 1367 918 1428 τοῑι
934 1362 1095 1428 Μωυιέωι
1109 1360 1219 1441 νόμοιι
1234 1360 1352 1440 ὁμολο-

205 1473 276 1544 γεῖν
295 1469 335 1534 τὰ
351 1466 545 1548 Χριιτιανῶν
564 1469 638 1534 οὔτε
659 1472 719 1549 μὴν
738 1469 854 1535 αὐτοὺς
873 1474 941 1536 soit
960 1468 1122 1536 Ἰουδαίων
1141 1467 1222 1534 ἔθειι
1241 1471 1352 1546 διαζῆν

204 1573 315 1640 ἀξιοῦν
338 1587 433 1658 usque
457 1578 492 1638 ad
510 1599 539 1658 p.
555 1575 650 1641 298c
674 1578 884 1655 καθαριιμοὺι
907 1577 959 1641 καὶ
981 1577 1062 1656 ὑπὲρ
1081 1575 1218 1654 ἁγνείας.
1255 1578 1351 1656 Atque

205 1688 364 1766 exponitur
387 1704 455 1747 cum
479 1685 655 1747 ludaeorum
678 1684 794 1765 legibus
818 1695 849 1747 et
871 1689 1025 1767 institutis,
1051 1705 1067 1747 a
1090 1686 1199 1766 quihus
1222 1685 1352 1745 descire-

205 1795 266 1853 rint
289 1792 457 1873 Christiani,
480 1794 542 1854 lere
567 1795 687 1854 omnino
711 1796 880 1855 consentire
904 1811 938 1854 ea
960 1793 1069 1873 quihus
1092 1794 1198 1873 pagani
1220 1800 1352 1854 utantur.

205 1899 283 1971 Quin
312 1903 400 1974 etiam
429 1903 525 1961 varios
553 1900 738 1960 sacrificandi
764 1902 841 1961 ritus
869 1919 885 1960 a
912 1899 993 1961 Mose
1022 1918 1082 1960 non
1109 1901 1202 1960 luisse
1230 1885 1351 1962 alienos.

204 2008 246 2068 hc
269 2009 398 2087 primum
422 2006 543 2086 quidem
565 2008 662 2086 agitur
686 2005 722 2066 de
745 2007 890 2067 sacrilicio
912 2005 1094 2085 placationis.
1130 2006 1172 2067 lle
1193 2024 1252 2085 quo
1277 2024 1351 2084 qnae

204 2114 316 2174 fecerat
339 2113 470 2174 lulianus
493 2113 652 2174 verborum
680 2115 775 2193 prima
798 2131 858 2174 non
882 2121 997 2174 servata
1025 2121 1095 2174 sunt
1122 2115 1180 2174 nisi
1204 2131 1220 2172 a
1243 2112 1351 2193 Cyrillo

204 2231 343 2299 excerpta
361 2239 388 2300 p.
405 2217 504 2281 298Ε
527 2217 578 2281 καὶ
597 2221 678 2293 γοῦν
696 2218 755 2282 τὸν
773 2215 970 2296 ἱεροφάντην
990 2199 1077 2300 ᾠήθη
1097 2217 1236 2283 Μωυιέα
1255 2238 1350 2298 usqua

205 2326 239 2386 ad
259 2323 356 2386 aaut
380 2323 520 2402 ἐφίιτηιι
538 2323 668 2404 epitom
702 2326 855 2406 Integrum
874 2334 973 2387 autem
993 2328 1129 2406 sequitur
1152 2328 1350 2406 fragmentum

203 2452 231 2514 p.
247 2431 346 2496 aaut
361 2451 425 2513 sqq.
448 2430 529 2509 ὑπὲρ
553 2431 588 2495 δὲ
608 2429 839 2510 ἀποτροπαίων
857 2430 919 2495 κτὲ.
958 2432 1036 2504 Quin
1056 2436 1135 2494 enim
1157 2433 1259 2495 hircus
1283 2452 1350 2513 apo-

203 2559 347 2621 pompaeo
367 2543 485 2623 missus,
509 2543 595 2602 cuius
618 2542 649 2602 in
672 2540 729 2601 hoc
752 2541 918 2620 fragmento
937 2543 1048 2602 mentio
1071 2541 1113 2623 lit,
1137 2558 1196 2601 non
1215 2541 1351 2601 diversus

204 2649 281 2708 sita
305 2649 450 2709 sacrificio
477 2666 527 2730 eo,
555 2647 635 2727 quod
663 2667 723 2708 non
750 2649 807 2728 ipsi
829 2648 1008 2709 ludaeorum
1036 2647 1106 2728 deo,
1133 2647 1185 2708 sed
1214 2647 1263 2708 alii
1285 2647 1351 2709 fieri

204 2753 302 2814 verbis
321 2772 337 2814 a
356 2752 464 2833 Cyrillo
483 2755 631 2835 excerptis
650 2753 763 2816 dictum
782 2763 837 2835 est,
855 2753 978 2816 dubium
998 2773 1064 2816 esse
1084 2756 1194 2816 nemini
1212 2747 1349 2838 poteet1).

204 2861 264 2921 lam
292 2879 362 2921 vero
393 2879 550 2944 apparere,
581 2861 693 2923 hlosem
721 2863 935 2923 sacrificiorum
963 2863 1040 2923 ritus
1072 2880 1169 2940 neque
1196 2863 1349 2940 ignorasse

204 2985 300 3046 neque
320 2968 498 3050 neglexisse3
517 2969 554 3048 lg.
570 2965 635 3030 305
645 2968 677 3030 B.
709 2968 818 3029 Contra
838 2967 1013 3030 Christianis
1031 2968 1086 3029 alia
1104 2968 1230 3049 placere.
1268 2967 1350 3038 Quos

203 3077 340 3134 excusari
375 3077 496 3136 minime
534 3093 621 3155 posse
659 3094 710 3156 eo,
748 3075 827 3154 quod
860 3094 897 3136 ne
934 3075 1034 3137 ludaei
1067 3074 1186 3154 quidem
1224 3073 1349 3153 amplius

203 3199 286 3241 sacra
309 3181 425 3243 faciant.
462 3182 531 3243 lllos
555 3183 635 3243 enim
662 3183 828 3243 sacrificare
852 3201 911 3244 non
934 3200 1022 3263 posse
1047 3181 1103 3242 nisi
1126 3179 1348 3260 Hierosolymis,

201 3290 232 3350 id
256 3289 334 3368 quod
359 3291 456 3351 lacere
481 3307 540 3350 non
567 3290 641 3376 ipssi
667 3291 727 3350 sint
751 3288 918 3351 Christiani.
955 3289 1033 3350 llicit
1055 3287 1103 3349 hic
1126 3286 1258 3348 lulianus
1282 3305 1348 3348 sese
1426 3277 1428 3280 ’

202 3398 387 3478 repetivisse,
411 3415 485 3475 qnae
509 3398 567 3456 iam
591 3403 676 3456 antea
699 3390 779 3477 (298
790 3389 829 3479 Α)
852 3395 984 3477 dixisset,
1008 3394 1059 3455 uhi
1081 3396 1200 3455 omnino
1224 3404 1347 3455 consen·

201 3507 259 3564 tire
279 3510 456 3583 exposuerat
474 3502 598 3564 Iudaeos
617 3511 647 3564 et
665 3521 793 3584 paganos
816 3505 873 3563 nisi
892 3521 937 3585 eo,
960 3501 1039 3582 qnod
1058 3501 1160 3582 plnres
1179 3501 1251 3562 deos
1270 3500 1346 3562 cole·

202 3621 270 3673 rent
292 3613 363 3694 ipsi,
386 3629 479 3672 unum
501 3609 557 3691 itti3
580 3610 619 3689 fg.
634 3606 734 3671 305E
750 3628 813 3688 sqq.
851 3609 943 3689 Sequi
971 3609 1087 3669 ridetur
1113 3609 1197 3669 locus
1220 3607 1348 3690 quidam,

89 3803 92 3809 Ι
201 3738 238 3781 ne
262 3721 288 3779 is
312 3717 431 3798 quidem
459 3719 575 3796 integre
599 3727 746 3798 servatus,
769 3737 796 3798 p.
816 3714 928 3779 314A:
956 3719 1012 3794 τῆι
1040 3714 1076 3779 ἐν
1103 3710 1225 3792 ἀμφοῖν
1253 3711 1348 3792 δόξηε

203 3823 394 3906 (ludaeorum
413 3825 465 3902 qui
488 3824 576 3885 deum
600 3842 701 3906 unum,
724 3842 904 3904 paganorum
926 3826 978 3903 qui
995 3824 1097 3903 plures
1115 3817 1226 3903 colant)
1249 3821 1347 3899 ἡμαρ-

200 3931 329 4008 τηκέναι
352 3927 470 4006 νομίζει
495 3925 550 4012 (sc.
574 3926 759 4010 lodharius)
786 3928 826 3993 τὰ
849 3926 923 3994 καθ’
944 3928 1025 4007 ἡμᾶς
1048 3924 1103 4013 (sc.
1129 3923 1346 4012 Χριιτιανοὺι)

274 4105 299 4173 1)
319 4102 351 4155 Ιιι
369 4101 405 4156 iis
424 4101 515 4157 verbis
534 4102 635 4172 quibus
649 4103 810 4171 excerptum
825 4101 1003 4171 coniungitur
1021 4118 1084 4156 cum
1101 4100 1259 4171 fragmento
1277 4101 1349 4156 latet

201 4191 368 4262 corruptela.
404 4188 480 4255 Quae
499 4189 541 4245 ita
559 4190 714 4245 exstantia
733 4190 792 4244 cod.
808 4191 893 4244 Marc.
908 4195 960 4243 123
979 4192 1009 4243 et
1026 4176 1101 4259 apud
1114 4189 1199 4244 Aah:
1218 4191 1273 4258 ἔφη
1293 4193 1347 4265 γὰρ

201 4286 267 4338 τοὺς
284 4287 344 4336 τῶν
362 4285 463 4335 θυαῶν
477 4281 662 4348 ἀναμετρήιαι
675 4281 804 4348 τρόπους.
834 4279 889 4334 Sed
904 4277 1081 4334 scribendum
1094 4280 1137 4333 est
1150 4279 1346 4349 ἀναμετρήιαι,

199 4371 230 4426 id
243 4370 319 4442 quod
332 4367 418 4424 etiam
432 4368 519 4424 codex
534 4367 683 4438 Capnionis
702 4366 858 4424 exhibuisse
871 4366 990 4423 videtur.
1020 4366 1252 4437 Oecolampedius
1271 4369 1346 4426 anim

200 4461 242 4516 ita
260 4459 358 4517 vertit:
377 4457 453 4516 Dicit
471 4457 545 4514 enim
565 4456 762 4513 sacrificiorum
780 4457 877 4514 modos
896 4472 1123 4516 commemorans.
