3194 4904
204 378 206 388 Α
223 300 266 362 34
727 303 818 373 Caput
836 304 856 360 l.

223 488 282 548 quo
305 469 378 529 haec
403 476 472 530 saint
496 469 662 530 Socratis
654 489 684 530 rn
713 469 836 531 historia
860 455 1058 530 ecelesiastica
1081 468 1132 528 Vll
1155 466 1213 529 27:
1246 463 1371 545 Ἐφιλο-

190 573 316 636 πόνει
340 574 375 636 δὲ
394 575 444 636 καί
463 574 535 651 περὶ
555 572 672 672 λόγου(
694 574 870 638 καὶπολλὰ
893 575 943 637 uui
962 577 1148 638 παντοῖαι
1122 572 1224 652 βιβλία
1248 577 1372 650 ειινῆγε

188 679 376 758 ;Ζηλιίιεαε
392 680 426 742 δὲ
440 681 498 743 τὸν
508 677 653 744 Ἀειανὸν
667 685 734 744 τῶν
749 680 857 758 λόγων
873 685 1055 760 χαρακτῆρα
1065 677 1172 744 πολλὰ
1182 681 1254 744 ευνέ
1256 699 1372 758 γραφε,

190 815 195 890 7
222 785 262 849 τά
280 806 314 850 τε
333 790 392 849 τοῦ
413 787 564 865 βαειλέωε
578 784 752 851 Ἰουλιανοῦ
767 786 846 851 κατὰ
867 786 1060 864 Χριετιανιίιν
1081 784 1212 865 βιβλία
1198 783 1370 849 αναεκευὰ-

220 898 287 958 ζων
314 893 365 956 καὶ
390 893 640 973 Χριετιανικὴν
634 892 773 972 ιετορίαν
802 895 984 995 ειινέθηκεν,
1014 895 1055 972 ἣν
1072 893 1114 956 έν
1141 891 1370 971 τριακονταέξ

223 999 351 1079 βιβλίοιε
381 1004 506 1065 διεῖλεν.
549 1002 651 1081 Neque
681 1002 807 1081 Philippi
842 1003 982 1063 refutatio
1011 1003 1046 1062 ed
1075 1011 1207 1062 nostram
1235 1004 1371 1081 pervenit
1418 1069 1421 1077 ¹

195 1117 360 1184 aetatem·
353 1128 468 1190 ,quam
488 1112 629 1188 scriptam
649 1128 714 1170 esse
734 1118 801 1169 ante
821 1128 875 1188 per
877 1110 984 1170 lectam
1002 1109 1155 1169 historiam
1175 1109 1370 1169 Christianam

195 1164 200 1326 7
222 1234 281 1276 non
306 1219 369 1276 sine
394 1216 494 1294 aliqua
510 1218 642 1277 veritatis
661 1218 759 1294 specie
784 1234 819 1275 eo
839 1215 957 1276 efficere
976 1234 1144 1296 possumus,
1168 1215 1245 1294 quod
1267 1215 1370 1276 Socra-

197 1307 266 1384 ltes
290 1340 325 1382 eo
354 1341 443 1400 quem
471 1323 558 1383 modo
586 1323 738 1384 attulimus
766 1323 844 1402 loco,
872 1322 923 1383 ubi
952 1342 987 1382 ex
1011 1323 1146 1402 professo
1175 1321 1210 1382 de
1234 1322 1369 1401 Philippo

196 1473 197 1481 ι
223 1428 313 1489 verba
337 1429 415 1509 facit,
438 1432 523 1509 prius
541 1430 613 1490 dicit
632 1429 667 1489 de
688 1429 763 1489 libro
783 1432 847 1490 eius
867 1438 969 1490 contra
988 1429 1134 1490 lulianum
1153 1431 1263 1508 scripto
1283 1447 1370 1506 quarn

220 1535 408 1596 dehistoria
436 1537 610 1597 Christiana.
652 1536 765 1596 Eodem
793 1544 891 1595 aretem
921 1536 1016 1613 capite
1045 1553 1114 1595 cum
1142 1534 1279 1594 Socrates
1302 1534 1369 1594 Phi·

222 1641 336 1721 lippum
359 1645 521 1724 vituperet,
549 1643 626 1722 quod
656 1661 715 1703 non
745 1644 815 1701 satis
839 1641 963 1720 diligens
993 1643 1030 1701 sit
1058 1643 1089 1700 in
1112 1640 1297 1720 temporibus
1321 1641 1369 1701 de·

218 1741 398 1832 finiendis,¹)
426 1751 472 1809 vix
503 1751 567 1827 ipse
597 1749 763 1810 censendus
787 1758 833 1808 est
861 1747 965 1809 eodem
992 1748 1057 1808 loco
1086 1737 1250 1826 neglexisse
1273 1740 1368 1828 legem

219 1873 305 1932 quam
331 1873 390 1915 non
409 1855 582 1915 observasse
602 1854 666 1914 aliis
686 1852 922 1933 exprobraverat.
960 1853 1097 1914 Nondum
1116 1862 1216 1916 autem
1235 1856 1366 1934 perfecta

165 2013 167 2022 ,
218 1969 281 2020 erat
310 1961 434 2022 historia
458 1961 624 2022 Christiana
652 1979 729 2021 anno
752 1957 817 2021 426
841 1959 1009 2020 Theodosio
1033 1959 1086 2019 Xll
1114 1959 1317 2021 Valentiniano
1342 1961 1369 2021 ll

218 2083 292 2126 coss.
334 2067 437 2129 Refert
465 2071 545 2132 enirn
574 2068 712 2128 Socrates
735 2067 764 2128 h.
788 2087 812 2128 e.
837 2064 924 2128 V26
957 2074 1075 2127 mortuo
1103 2066 1200 2128 Attico
1229 2070 1367 2148 episcopo

211 2160 541 2254 Constantinopolit'a'no
567 2193 634 2235 cum
658 2193 752 2235 novus
777 2174 930 2255 eligendus
954 2181 1034 2235 esset
1058 2175 1215 2253 episcopus
1239 2174 1366 2235 electum

217 2298 282 2340 esse
308 2280 480 2362 sisinnium,
504 2281 652 2361 repulsam
677 2281 781 2341 tulisse
804 2281 973 2360 Philippum
997 2280 1127 2340 Sidetam
1150 2279 1367 2359 presbyterum.

211 2386 311 2457 Quam
331 2406 398 2447 curn
417 2407 505 2466 aegre
525 2389 627 2469 ferret,
646 2389 677 2448 in
696 2388 819 2448 historia
834 2387 1000 2448 Christiana
1020 2368 1277 2448 vehementissime
1299 2405 1366 2448 eum

215 2495 364 2556 invectum
398 2514 463 2556 esse
495 2497 527 2555 in
555 2494 727 2555 Sisinnium.
773 2494 849 2555 Sunt
882 2504 981 2556 autem
1013 2494 1085 2553 haec
1115 2493 1245 2552 Socratis
1266 2491 1367 2552 uerba

215 2598 243 2658 h.
268 2599 367 2660 e.⁰Vll
391 2598 447 2662 26:
480 2599 531 2663 καὶ
555 2601 786 2677 χειροτονεῖται
810 2597 961 2662 (ιείννιοτ
989 2603 1026 2682 τῇ
1056 2595 1154 2660 εἰκάδι
1184 2595 1284 2679 ὀγδόῃ
1309 2601 1367 2660 τοῦ

215 2702 436 2782 Φεβρουαρίοιι
465 2705 563 2783 μηνὸε
592 2711 629 2789 τῇ
659 2703 729 2782 ἑξῆε
760 2703 908 2786 ὑπατείᾳ,
938 2704 958 2782 ἥ
989 2724 1035 2767 τι(
1058 2704 1098 2783 ἦν
1126 2703 1300 2766 Θεοδοείου
1328 2703 1367 2765 τὸ

215 2809 399 2873 δωδέκατον
419 2811 470 2874 καὶ
489 2811 759 2876 Οὐαλεντινιανοῦ
778 2815 836 2875 τοῦ
855 2811 1016 2889 νεωτέρου
1035 2809 1218 2887 Αὐγούετου
1232 2810 1275 2872 τὸ
1295 2809 1366 2872 δεύ-

214 2936 319 2995 τερον.
352 2917 404 2980 έπί
422 2917 527 3000 τούτῳ
547 2917 707 2982 Φίλιπποι
727 2916 745 2980 ὁ
764 2917 985 2996 πρεεβύτεροε,
1005 2915 1054 2980 ὅτι
1074 2915 1174 2980 αὐτοῦ
1193 2915 1364 2995 προεκρίθη

214 3022 334 3102 έτεροτ,
350 3023 457 3088 πολλὰ
476 3029 531 3104 τῆε
547 3023 744 3103 χειροτονία(
759 3024 926 3102 καθήψατο
941 3023 978 3086 έν
995 3027 1033 3106 τῇ
1053 3023 1258 3104 πεπονημένῃ
1279 3022 1365 3106 αὐτῷ

216 3131 411 3215 Χριετιανικῇ
431 3130 558 3214 ίετορίᾳ,
586 3129 768 3210 διαβάλλων
787 3130 838 3193 καὶ
857 3130 915 3192 τὸν
934 3124 1200 3208 χειροτονηθέντα
1219 3130 1270 3192 καί
1288 3131 1364 3192 τοὺς

214 3239 500 3317 χειροτονήεανταε
523 3238 574 3302 καὶ
598 3240 710 3320 πολλῷ
734 3237 837 3300 πλέον
855 3236 930 3300 τοὺε
954 3236 1091 3300 λαϊκούτ.
1128 3238 1241 3300 Minimi
1265 3248 1364 3299 autom

213 3333 259 3407 es‘t
288 3347 440 3407 faciendus
468 3346 678 3427 Theophanes,
708 3348 759 3424 qui
782 3365 846 3424 pag.
873 3341 948 3426 135,
975 3343 1015 3406 13
1040 3345 1131 3405 Bonu.
1161 3364 1238 3405 anno
1262 3343 1364 3405 mundi

212 3448 308 3513 5922.
332 3455 350 3513 i.
372 3470 396 3512 e.
416 3471 492 3512 anno
512 3472 539 3531 p.
559 3452 589 3513 C.
609 3472 637 3513 n.
657 3449 724 3512 430
743 3455 883 3531 scriptam
902 3470 968 3512 esse
989 3451 1110 3512 tradidit
1126 3452 1254 3530 Philippi
1271 3450 1362 3510 histo·

212 3561 301 3640 riam3
325 3577 392 3618 nam
416 3559 511 3620 solum
535 3559 592 3618 hoc
616 3558 680 3618 loco
701 3567 854 3619 auctorem
877 3566 999 3619 secutus
1023 3558 1176 3619 Socratem
1200 3559 1309 3618 erravit
1332 3559 1362 3618 in

212 3669 281 3727 anni
305 3666 503 3726 adnotatione.
539 3666 600 3727 lam
624 3685 661 3726 ne
686 3667 753 3745 quis
775 3673 861 3744 putet
884 3664 1047 3744 perbreve
1072 3667 1215 3745 temporis
1235 3666 1362 3743 spatium

211 3772 380 3853 Philippum
395 3791 516 3853 operam
530 3773 647 3834 dedisse
667 3774 751 3852 operi
770 3790 823 3832 suo
843 3771 1074 3832 conscribendo:
1092 3773 1150 3832 iam
1169 3780 1235 3831 ante
1252 3789 1361 3832 annum

211 3874 276 3940 405
304 3897 439 3958 magnam
463 3881 527 3939 eius
551 3887 667 3959 partem
690 3879 853 3959 perfectam
877 3897 942 3939 esse
967 3877 1083 3938 ostendi
1105 3885 1212 3956 potest,
1258 3876 1363 3937 Exstat

211 3987 290 4045 enim
322 3985 463 4045 historiae
496 3985 679 4047 Christianae
712 3986 950 4064 fragmentum
942 4003 973 4045 ιιι
1008 3983 1186 4044 bibliotheca
1218 3982 1361 4044 Caesarea

211 4089 445 4172 vindobonensi,
478 4094 564 4153 cuius
596 4093 728 4153 nondum
762 4085 866 4173 editi²)
899 4093 1002 4152 notitia
1035 4092 1185 4150 invenitur
1217 4092 1248 4150 in
1278 4089 1360 4150 Petri

191 536 194 605 7

189 608 193 692 7

188 734 192 814 l

283 4245 403 4314 1)Soor.
423 4245 450 4301 h.
470 4262 493 4301 e.
513 4245 565 4298 VII
583 4251 630 4300 27:
660 4247 716 4311 ἐγὼ
740 4247 771 4300 δὲ
794 4246 882 4300 ἐκεῖνό
907 4262 991 4313 φημι,
1016 4246 1059 4298 ὅτι
1077 4245 1145 4298 τοδε
1167 4245 1286 4311 χρόνου(
1308 4247 1360 4310 τῆς

129 4333 134 4339 ’
209 4335 328 4404 ίετορίατ
346 4336 459 4402 ευγχέει.

280 4426 307 4496 2)
327 4425 389 4494 Ipse
408 4425 462 4480 hoc
480 4423 667 4493 fragmentum
687 4422 794 4493 publici
811 4421 880 4478 iuris
898 4423 1009 4478 faciam.
