3192 4906
249 313 312 377 120
748 313 838 383 Capul
856 311 889 370 Il.

247 477 299 542 διά
322 498 371 541 τοι
394 477 433 540 τὸ
457 479 533 556 μήτε
557 479 650 542 θεοὺτ
674 477 855 554 προείεεθαι
875 477 1026 558 πολλούτ,
1051 479 1126 556 μήτε
1152 479 1211 556 μὴν
1235 478 1292 541 ἕνα
1315 478 1394 542 κατὰ

246 584 304 648 τὸν
332 583 446 662 νόμον,
474 588 560 662 τρεῖτ
587 604 624 660 γε
653 586 714 662 μὴν
741 582 815 648 ἀνθ’
843 583 916 647 ἑνὸτ
944 582 1126 661 ὁμολογεῖν.
1172 587 1231 676 lam
1260 606 1329 648 vero
1357 587 1393 648 ad

247 695 337 754 finem
359 693 502 772 perducta
526 700 572 754 est
594 692 631 753 de
656 693 801 754 sacrificio
825 693 998 772 placationis
1022 693 1190 772 disputatio.

336 800 458 871 Quaerit
476 818 566 879 porro
574 794 599 882 1)
619 800 749 861 Iulianus
766 820 803 860 ex
818 800 1002 882 Christianis,
1021 820 1076 862 our
1094 820 1154 861 non
1168 801 1287 862 easdem
1306 811 1393 882 atque

248 907 349 967 ludaei
376 904 457 986 leges
481 906 641 967 observent
663 907 700 967 de
724 907 859 968 ciborum
886 927 952 969 usu.
990 907 1069 979 Quas
1096 908 1176 986 quod
1199 910 1396 992 deseruerint,

247 1034 308 1075 non
335 1033 423 1094 posse
455 1032 506 1074 eos
534 1012 653 1074 delendi
682 1013 765 1075 Petri
791 1014 840 1074 illa
867 1016 993 1095 visione3
1021 1015 1059 1094 lg.
1079 1012 1175 1076 314u
1191 1035 1255 1096 sqq.
1291 1015 1395 1095 Neque

191 1165 192 1168 ,
247 1140 317 1183 vero
341 1121 512 1200 accipienda
541 1139 621 1199 esse,
649 1139 724 1200 quae
753 1121 790 1181 de
818 1139 892 1182 nova
920 1121 1020 1184 dioant
1046 1122 1110 1200 lege
1135 1125 1207 1202 ipsis
1230 1123 1310 1205 data,
1337 1143 1395 1202 qua

247 1231 330 1308 prior
359 1230 397 1288 sit
430 1226 546 1287 abolita.
589 1227 806 1307 Sempiternam
835 1229 914 1287 enim
942 1247 1008 1288 esse
1036 1227 1148 1289 llosem
1176 1229 1304 1292 voluisse
1331 1239 1396 1292 eam

248 1354 337 1414 quam
358 1337 422 1415 ipse
441 1333 544 1394 tulerit
566 1333 675 1414 legem3
699 1342 802 1394 contra
826 1342 914 1413 atque
933 1335 1008 1395 Mosi
1030 1336 1149 1414 plaeere
1172 1335 1273 1397 Paulo.
1309 1335 1395 1406 Quod

248 1445 274 1502 si
303 1460 362 1502 non
393 1440 579 1520 postularent
610 1441 709 1520 legum
736 1441 933 1502 Mosaiearum
962 1441 1213 1523 observationem,
1244 1442 1275 1502 id
1308 1461 1395 1522 agere

249 1548 433 1609 Christianos
452 1556 593 1626 utquam
616 1546 760 1626 plurimos
783 1547 819 1607 ad
839 1550 1083 1627 superstitionem
1106 1567 1190 1628 suam
1212 1546 1396 1628 pellicerent.

248 1655 373 1716 Exstant
396 1662 494 1715 autem
517 1653 590 1714 haee
609 1653 714 1715 luliaui
733 1653 823 1714 rerba
840 1673 868 1734 p.
884 1651 982 1715 3191)
998 1674 1061 1734 sqq.
1099 1655 1232 1727 Quorum
1253 1654 1397 1734 quaedam

147 1841 150 1848 Ι
249 1781 315 1824 sese
338 1762 474 1822 omisisse
497 1763 561 1840 ipse
581 1759 708 1840 Cyrillus
730 1761 871 1821 indicavit
889 1780 916 1839 p.
932 1758 1045 1822 31913:
1065 1761 1189 1837 χρήτειε
1212 1760 1248 1822 δὲ
1271 1758 1396 1822 τούτοιτ

249 1865 460 1944 ἐπιτωρεύτατ
479 1865 589 1944 ἑτέρα(
608 1863 740 1928 αἰώνιόν
763 1886 798 1929 τε
818 1863 918 1943 νόμον
938 1865 990 1928 διὰ
1008 1868 1119 1930 πατῶν
1138 1865 1296 1950 ἐπιδείξαι
1314 1865 1395 1929 ύινο-

249 1975 408 2052 μαεμένον
430 2007 467 2018 -
490 1977 602 2050 χρῆναι
621 1972 682 2050 γὰρ
701 1969 787 2049 οἶμαι
807 1972 1003 2050 μακροτέρα(
1022 1972 1080 2035 τὸν
1099 1971 1200 2048 λόγον
1217 1970 1397 2037 ἀπαλλάξαι

249 2079 402 2159 περιόδου
430 2116 473 2126 -
504 2080 650 2157 ἐπιφέρει
682 2077 787 2142 πάλιν.
835 2080 942 2142 Omisit
975 2083 1066 2161 igitur
1098 2080 1257 2142 nonnullos
1288 2085 1397 2144 voleus

250 2192 420 2251 testamenti
442 2190 538 2271 locos,
566 2187 675 2267 quibus
704 2206 843 2266 umquam
872 2187 984 2248 aboleri
1011 2187 1165 2249 vetabatur
1193 2187 1240 2248 lex
1263 2187 1397 2250 Mosaiea.

249 2298 366 2358 Rursus
389 2298 536 2376 incipiunt
559 2297 674 2374 integra
697 2294 802 2354 luliani
830 2293 918 2354 verba
941 2313 969 2372 p.
984 2290 1083 2354 32οΑ
1107 2293 1241 2357 πολλῶν
1265 2291 1310 2356 ἔτι
1333 2313 1397 2356 τοι·

250 2401 356 2466 ούτων
380 2398 684 2482 παραλελειμμένων
704 2396 765 2461 κτὲ.
806 2399 910 2478 Neque
930 2418 999 2460 vero
1018 2399 1077 2460 ulla
1096 2401 1225 2462 efficitur
1249 2409 1398 2463 structura

250 2511 482 2591 enuntiatorum,
506 2510 531 2568 si
551 2525 620 2569 eum
638 2509 689 2586 qui
712 2507 824 2586 ubique
849 2509 998 2568 invenitur
1021 2509 1153 2568 retinere
1177 2510 1220 2569 vis
1243 2511 1396 2589 interpun-

250 2618 339 2699 gendi
356 2616 487 2707 modum.
521 2615 612 2676 Colon
632 2616 711 2675 euim
730 2621 776 2674 est
794 2613 974 2694 ponendum,
994 2633 1053 2675 non
1073 2632 1196 2696 comma,
1214 2616 1293 2676 iuter
1312 2634 1398 2677 voees

223 2700 225 2704 Ι
251 2719 478 2804 παρῃτητάμην
502 2730 532 2783 et
554 2718 651 2796 opere.
688 2719 783 2780 Verba
809 2729 908 2781 autem
931 2721 1065 2782 πολλῶν
1088 2717 1134 2782 ἔτι
1157 2719 1314 2783 τοιούτων
1337 2719 1397 2783 κτὲ.

252 2831 394 2910 reliquiae
413 2839 484 2890 sunt
502 2831 567 2889 eius
587 2829 740 2909 enuntiati,
760 2830 845 2888 euius
864 2829 947 2907 prior
965 2845 1035 2908 pars
1054 2828 1193 2907 aCyrillo
1213 2837 1259 2889 est
1277 2831 1398 2909 omissa3

252 2957 309 3018 qua
334 2937 391 2998 tale
415 2936 486 3015 quid
509 2953 632 2996 neeesse
656 2943 702 2996 est
725 2935 816 2995 luerit
840 2951 1027 3013 expressum:
1051 2931 1161 2995 ἱκανὰ(
1184 2933 1220 2996 δὲ
1244 2936 1330 2996 δοκῶ
1349 2952 1399 3010 μοι

253 3044 376 3122 χρήτειτ
393 3042 453 3120 ἤδη
468 3044 720 3118 παρατεθεῖτθαι.
750 3041 899 3101 Extremis
914 3035 1013 3102 autem
1027 3041 1116 3101 huius
1131 3042 1289 3121 fragmenti
1303 3042 1399 3103 verbis

253 3151 340 3211 modo
359 3151 483 3230 exposui
499 3167 617 3210 eausam
633 3151 789 3229 contineri,
808 3166 867 3226 qua
880 3149 1008 3228 permoti
1021 3148 1179 3208 Mosaieam
1193 3147 1289 3227 legem
1303 3149 1399 3227 negle-

253 3261 365 3319 xlssent
385 3257 553 3318 Christiani.
591 3256 672 3327 Quae
692 3258 789 3335 excipi
813 3257 934 3315 minime
953 3264 1079 3335 possunt
1098 3257 1141 3314 eis
1160 3254 1265 3316 luliani
1283 3255 1320 3316 de
1339 3255 1400 3316 Elia

253 3365 365 3446 verbis,
389 3381 464 3443 quae
488 3371 627 3441 excerpta
650 3360 775 3441 protulit
798 3361 925 3442 Cyrillus
948 3380 976 3441 p.
991 3336 1123 3422 3'24uo.
1161 3361 1280 3440 Optime
1303 3371 1400 3423 autem

253 3473 443 3552 excipiuntur
463 3469 560 3529 verbis
579 3488 607 3549 p.
618 3465 713 3530 32413
732 3468 937 3544 διαμέμνηται
957 3465 992 3528 δὲ
1011 3485 1107 3547 usque
1127 3468 1163 3527 ad
1182 3465 1281 3529 3251
1301 3486 1399 3544 παρα-

255 3577 382 3641 λύετθαι
406 3573 515 3652 νόμον,
539 3574 647 3653 quihus
667 3575 738 3653 quid
761 3577 819 3654 ipsi
842 3575 967 3654 apostoli
990 3574 1025 3636 de
1050 3574 1232 3636 observanda
1255 3575 1319 3653 lege
1341 3575 1398 3636 Mo·

255 3687 332 3746 saica
354 3685 525 3744 censuerint
546 3681 727 3761 explanatur.
760 3680 834 3742 Dein
852 3702 880 3761 p.
895 3678 992 3744 aaut
1016 3679 1232 3743 καταεκώπτει
1251 3681 1287 3743 δὲ
1307 3699 1399 3760 usque
1421 3684 1433 3704 ⁶

255 3791 291 3851 ad
315 3788 394 3851 ποτὲ
419 3787 454 3850 δὲ
477 3790 545 3850 roi<
569 3783 729 3850 Ἰουδαίων
752 3790 928 3867 perstringit
948 3788 1029 3878 Petri
1051 3790 1288 3850 inconstantiam.
1326 3788 1401 3848 Sunt

256 3907 356 3959 autem
374 3916 409 3957 ea
427 3914 502 3976 quae
517 3906 548 3956 et
563 3915 591 3976 p.
607 3893 703 3957 324u
723 3904 753 3956 et
766 3915 794 3976 p.
810 3892 876 3957 325
894 3897 1086 3956 inveniuntur
1101 3914 1117 3955 a
1132 3894 1239 3974 Cyrillo
1254 3902 1400 3974 excerpta.

346 4003 402 4084 Ubi
425 4011 524 4064 autem
547 4005 583 4064 de
608 4000 809 4082 apostolorum
834 4005 893 4082 egit
917 4005 1086 4081 sententiiS,
1116 4001 1298 4080 digressione
1326 4003 1402 4062 faeta

258 4131 295 4172 ne
319 4112 348 4170 in
373 4128 478 4170 eorum
501 4110 620 4188 quidem
644 4108 778 4170 doctrina
808 4126 983 4188 permanere
1007 4110 1144 4187 queritur
1167 4107 1297 4168 lulianus
1321 4108 1401 4168 Chri·

258 4269 471 4277 ---—---..---

332 4356 358 4422 1)
377 4353 438 4423 Cpr.
453 4359 505 4407 314
516 4352 549 4406 Οι
569 4353 586 4406 ἃ
606 4353 635 4405 δέ
649 4368 680 4416 γε
694 4352 764 4418 πρὸ(
781 4357 840 4404 rot<
854 4352 907 4416 ἤδη
923 4350 1055 4416 petenen
1075 4350 1191 4416 ἐγκαλεῖ,
1209 4350 1319 4404 τούτων
1334 4349 1403 4404 εἰκό-

258 4461 315 4499 τακ
334 4443 554 4510 διαμεμνήεομαι.
587 4443 653 4509 φητλ
671 4442 725 4507 γὰρ
742 4441 824 4493 πάλιν
843 4439 886 4492 ἐπὶ
903 4439 1022 4494 τούτοις.
