3192 4906
239 330 280 395 78
749 330 841 402 Capul
858 330 879 387 I.
945 409 946 412 Ἰ

237 495 309 560 ‘non
328 499 408 578 quod
427 501 518 561 intrat
536 501 567 561 in
581 518 624 580 oe,
644 502 824 561 contaminat
843 493 1015 582 hominem',
1038 518 1097 560 non
1113 499 1259 562 subvertit
1277 499 1384 583 legem3

236 608 292 669 scit
316 609 394 668 enim
423 607 559 668 umbram
587 625 652 667 eam
680 626 746 668 esse
776 625 810 668 ae
838 614 940 686 typum
967 614 1013 687 et,
1041 624 1100 685 quo
1129 610 1221 686 magis
1250 608 1385 669 homines

235 714 421 793 preeierren't
440 714 580 774 recedere
600 713 637 774 ah
656 716 782 795 impuris
800 708 1008 797 (hominihus),
1032 732 1068 774 eo
1085 713 1241 793 pulchrius
1260 714 1385 796 impleri.

235 819 337 899 Neque
362 822 441 884 enim
465 839 532 881 esca
556 839 610 881 nos
640 821 826 882 commendat
850 821 923 903 Deo,
951 839 1049 900 neque
1077 839 1148 881 vero
1177 824 1202 881 si
1229 822 1384 884 manduca-

235 929 374 1008 verimus,
397 927 578 1008 deficiemus,
602 929 680 988 sicut
700 928 845 1008 scriptum
864 935 910 988 cst
928 921 955 1010 (1
974 926 1041 987 Cor.
1058 924 1087 1009 8,
1103 923 1146 1009 8).
1180 927 1386 990 Contaminant

235 1041 333 1094 autem
357 1051 390 1093 re
414 1053 496 1115 vera,
519 1051 595 1113 quae
620 1044 730 1096 exeunt
752 1054 807 1114 per
831 1053 864 1094 os
888 1043 917 1095 et
941 1033 1084 1112 linguam:
1112 1038 1257 1118 convicia,
1284 1053 1384 1116 repre-

234 1139 403 1221 hensicnes‚
427 1140 600 1224 calumniae,
621 1141 820 1221 blasphemiae
840 1149 870 1202 ct
890 1159 965 1220 quae
985 1141 1131 1202 ebulliunt
1150 1161 1185 1203 ex
1205 1143 1305 1224 corde,
1326 1145 1344 1205 i.
1359 1161 1384 1202 e.

236 1265 272 1306 ex
299 1246 384 1308 malis
412 1248 654 1325 cogitationibus:
687 1248 760 1309 haec
788 1255 872 1330 sunt,
904 1265 980 1327 quae
1008 1231 1209 1309 contaminant
1235 1250 1386 1310 hominem

236 1353 401 1425 secundum
430 1354 543 1416 dictum
571 1354 728 1415 Salvatcris
757 1348 1025 1436 (llatth.15‚19).
1069 1354 1172 1415 Omnis
1198 1357 1277 1416 enim
1301 1354 1386 1415 cibus

235 1459 360 1538 pulcher
383 1468 413 1520 et
437 1460 509 1521 nihil
532 1461 717 1521 reiciendum
741 1463 825 1540 quasi
850 1468 954 1522 natura
978 1463 1137 1540 impurum.
1179 1460 1386 1521 sanctificatur

236 1569 317 1626 enim
338 1583 392 1646 per
415 1566 539 1628 verbum
562 1566 616 1628 Dei
640 1575 669 1628 et
693 1569 857 1628 orationem
881 1562 908 1647 (l
927 1565 1002 1627 Tim.
1016 1563 1051 1645 4,
1066 1560 1111 1649 5).

783 1743 836 1808 32.

326 1868 503 1950 Capitulum.
534 1871 690 1932 [luminum
714 1879 851 1932 nestrum
878 1870 987 1950 paseha
1009 1869 1174 1948 legitimum
1202 1885 1271 1929 eum
1299 1869 1386 1930 disei-

235 1975 315 2054 pulis
335 1977 398 2037 suis
417 1978 589 2040 comedisse.
626 1978 656 2039 S.
676 1977 777 2057 Cyrilli
796 1996 832 2038 ex
850 1976 926 2038 libro
946 1971 1047 2058 XVl.¹)
1070 1976 1213 2036 adversus
1232 1976 1386 2038 lulianum.
1498 2000 1500 2004 ·
1562 1961 1563 1964 ¹

323 2081 425 2144 Mense
440 2086 518 2145 enim
533 2087 638 2167 primo,
653 2104 714 2164 quo
729 2084 894 2145 secundum
908 2070 1004 2162 legem
1014 2082 1124 2162 Moysis
1137 2099 1242 2144 amnus
1257 2091 1386 2145 mactan-

171 2188 174 2193 ’
236 2187 293 2248 dus
322 2195 399 2271 erat,
428 2192 543 2270 etipse
572 2190 757 2272 praesciebat
785 2210 817 2252 se
841 2208 1000 2270 passurum
1023 2208 1088 2249 esse
1117 2197 1148 2249 et
1176 2186 1326 2271 consulte,
1354 2197 1388 2251 ut

236 2294 305 2376 dixi,
324 2294 527 2376 Hierosolyma
546 2299 651 2377 petivit
665 2305 695 2358 et
712 2298 822 2358 festum
836 2296 1003 2358 celebravit.
1036 2295 1171 2356 Comedit
1185 2299 1264 2357 enim
1278 2297 1387 2376 paseha

236 2421 303 2463 cum
327 2403 481 2484 discipulis
505 2407 580 2465 suis.
616 2404 702 2475 Quod
733 2406 813 2465 enim
840 2403 949 2484 pascha
972 2402 1114 2484 comedit,
1143 2403 1215 2463 nihil
1238 2401 1318 2464 aliud
1341 2412 1388 2464 est

235 2512 293 2570 nisi
321 2510 399 2589 quod
428 2529 548 2572 amnum
571 2510 643 2571 XlV.
667 2512 716 2572 die
745 2513 856 2572 mensis
879 2511 914 2572 ad
943 2527 1098 2591 vesperam
1126 2518 1329 2571 mactaverunt
1357 2519 1387 2570 et

235 2633 355 2677 carnem
375 2626 409 2702 ‘et
431 2636 538 2697 panem
562 2635 695 2698 azymum
719 2637 787 2680 eum
812 2620 919 2678 amaris
943 2616 1145 2678 comederunt.

781 2792 833 2856 33.

323 2918 367 2980 Ex
390 2919 499 2981 leanne
523 2921 654 2981 llamasc.
677 2940 705 3000 p.
721 2917 794 2982 662.
833 2916 997 2996 Κυρίλλου.
1026 2918 1096 2981 Cod.
1120 2918 1226 2998 Rupes.
1254 2913 1305 2980 Ἐκ
1326 2919 1386 2979 τοῦ

234 3016 273 3088 u
299 3022 428 3102 βιβλίου.

324 3127 426 3195 Εἴκειν
440 3128 618 3208 ἀναγκαῖον
637 3129 771 3210 πατράει
783 3132 861 3194 τοὺ(
875 3134 1006 3196 παῖδας·
1025 3127 1097 3193 ἀλλ’
1115 3127 1255 3208 ἔνθαπερ
1275 3127 1294 3192 ὁ
1313 3129 1385 3207 περὶ

232 3239 289 3314 τῆ(
317 3233 467 3315 ἀληθεία(
496 3237 670 3303 εἰεελαύνει
699 3236 812 3316 λόγος,
845 3237 983 3316 arbacem
1012 3237 1086 3301 dede
1117 3235 1168 3299 καὶ
1200 3234 1318 3300 νικάτω
1345 3234 1386 3298 τὰ
1440 3227 1442 3232 ’

234 3342 334 3407 αὐτοὺ
361 3343 413 3407 καὶ
441 3344 667 3425 φιλοετοργὶαε
697 3345 831 3423 δύναμιν
861 3345 1003 3424 φυεικήν.
1045 3338 1258 3428 Neglegatur²)
1286 3353 1383 3406 autem

234 3458 264 3512 et
288 3470 370 3512 amor
393 3451 522 3514 liliorum
546 3472 615 3534 erga
643 3461 743 3533 patres
764 3461 797 3514 et
818 3460 938 3532 patrum
961 3471 1030 3531 erga
1053 3450 1129 3511 lilios
1154 3461 1184 3512 et
1207 3457 1384 3531 separentur

235 3575 310 3636 quae
334 3565 401 3619 ante
421 3561 519 3620 omnia
538 3566 683 3620 amantur.
720 3557 752 3618 ld
778 3560 906 3619 enimet
929 3558 985 3619 alio
1009 3558 1074 3619 loco
1098 3557 1185 3618 docet
1208 3576 1263 3617 nos
1282 3557 1384 3618 dicens

233 3656 352 3746 (Matth.
369 3663 419 3747 10,
433 3659 507 3748 37):
531 3665 589 3737 Qui
608 3673 686 3726 amat
703 3672 819 3744 patrem
838 3671 889 3725 aut
908 3673 1033 3725 matrem
1051 3663 1119 3743 plus
1138 3680 1226 3741 quam
1246 3683 1308 3746 me,
1326 3683 1384 3726 ncn

233 3778 280 3844 est
298 3789 345 3832 me
365 3770 485 3853 dignus,
505 3778 535 3832 et
553 3789 674 3834 rursus:
694 3773 745 3851 qui
764 3780 842 3831 amat
860 3771 952 3832 lilium
967 3779 1018 3832 aut
1036 3770 1125 3830 filiam
1144 3771 1211 3848 plus
1226 3789 1314 3850 quam
1329 3789 1385 3850 me,

208 3933 213 3936 .
234 3897 293 3939 non
313 3885 359 3939 est
377 3896 424 3938 me
448 3878 563 3958 dignm.
601 3878 662 3940 Dec
686 3881 765 3940 enim
784 3897 839 3940 nes
857 3879 944 3939 decet
962 3889 1030 3939 ante
1050 3879 1149 3941 omnia
1169 3877 1277 3937 efferre
1296 3879 1383 3938 etlam

233 3988 343 4046 victum
363 4003 508 4068 amorem,
531 4004 620 4065 quem
643 3986 701 4047 illis
720 3986 864 4047 debemus
882 3987 934 4065 qui
957 4004 974 4046 a
997 3986 1140 4063 sanguine
1160 3991 1190 4044 et
1213 3984 1382 4044 uiraterui·

306 4195 332 4264 1)
353 4191 419 4249 Cod.
434 4192 493 4264 Syr.
509 4192 582 4247 xlx.
610 4192 702 4258 Quem
716 4209 863 4247 numerum
876 4191 906 4246 in
920 4191 993 4247 XVI.
1009 4190 1126 4258 mutavi,
1145 4190 1220 4260 quod
1235 4206 1382 4260 argumen-

232 4285 293 4337 tum
307 4281 345 4352 fg.
361 4288 395 4337 32
410 4299 474 4336 cum
487 4282 525 4351 fg.
541 4287 575 4334 31
591 4282 729 4336 cohaeret.
758 4282 857 4351 Neque
872 4281 987 4336 obstant
999 4296 1179 4334 numerorum
1194 4279 1253 4349 Syr.
1269 4279 1383 4334 iormee.

304 4373 331 4440 2)
350 4371 550 4442 Fragmentum
565 4369 722 4439 Syriacum,
742 4370 818 4438 quod
836 4369 996 4424 inscribitur
1015 4368 1152 4423 ‘eiusdem
1171 4384 1205 4421 ex
1223 4367 1295 4421 libro
1310 4365 1383 4422 XVI.

233 4461 366 4517 adversus
384 4460 545 4528 Iuliunum’,
565 4458 652 4514 etium
670 4458 777 4514 Graece
795 4475 865 4528 quae
884 4459 1054 4513 antecedunt
1070 4459 1156 4513 verba
1175 4455 1296 4512 exhibet.
