3192 4906
270 337 313 399 94
433 343 440 352 “
776 335 867 403 Caput
886 335 905 389 1.
937 401 938 404 ,

270 505 357 564 etiam
382 519 433 563 eos
457 519 556 561 sacrae
581 503 745 580 scripturae
769 499 864 579 locos,
888 491 924 559 de
949 499 1057 578 quibus
1081 501 1138 578 ipsi
1162 498 1358 578 dissidebant,
1381 499 1417 558 de

270 607 378 688 quihus
392 609 535 667 acerrime
551 606 741 686 disputabant
755 605 922 667 Christiani.
959 605 1001 666 ita
1017 604 1181 665 offenderat
1196 605 1418 685 Amphilochius

269 718 300 775 in
319 714 430 776 Christi
453 712 549 774 verbis
569 713 737 790 πωλήεατε
756 710 796 774 τὰ
810 705 998 788 ὑπάρχοντα
1020 710 1071 773 καὶ
1090 708 1165 773 δότε
1183 714 1325 788 πτωχοῖς
1344 709 1419 792 «req

270 839 358 902 quem
387 839 446 881 non
475 830 556 882 recte
585 820 758 900 offendisse,
787 819 837 880 sed
866 823 896 879 in
924 819 1029 880 codem
1058 837 1160 879 errore
1189 821 1301 879 versari
1329 826 1418 897 atque

271 928 415 988 lulianum
439 936 601 1007 apostatam
621 929 757 1006 exposuit
776 926 900 991 Photins
919 934 1032 1006 quaest.
1051 926 1155 1006 Amph.
1174 919 1279 1006 101.¹)
1307 923 1419 985 Eadem

270 1044 316 1095 est
335 1037 432 1094 resin
452 1037 625 1113 quaestione
648 1027 752 1113 109.²)
780 1034 876 1112 Atque
896 1033 931 1092 ad
951 1032 1122 1112 disputandi
1143 1032 1275 1093 studium
1294 1035 1420 1093 accessit

269 1141 449 1221 excerpendi
469 1121 632 1232 industria.
675 1139 706 1200 Si
729 1119 833 1200 minus
866 1141 1001 1219 triginta,
1035 1148 1064 1200 at
1092 1144 1173 1200 'certe
1200 1141 1304 1218 viginti
1336 1137 1420 1199 libris

216 1273 217 1276 ¹
270 1247 424 1309 constabat
454 1247 555 1326 Cyrilli
584 1249 684 1326 operis
711 1246 834 1307 lulianei
865 1247 1012 1307 refutatio.
1059 1246 1143 1307 iiaud
1174 1245 1259 1306 facife
1287 1248 1377 1324 igitur
1405 1263 1422 1303 a

272 1365 353 1416 recta
376 1358 421 1415 via
441 1353 655 1434 aberrabimus,
678 1356 703 1414 si
722 1352 820 1414 Photii
843 1352 951 1413 librum
972 1361 1136 1413 statuemus
1160 1337 1251 1414 fnisse
1272 1350 1421 1431 Cyrifliani

271 1463 370 1541 operis
389 1463 549 1541 epitomen.
587 1459 672 1531 Quod
696 1461 722 1519 si
745 1461 912 1538 statuimus,
936 1477 1045 1538 negare
1069 1477 1128 1518 non
1148 1461 1283 1538 cogimur
1306 1457 1342 1516 de
1366 1475 1421 1517 sno

156 1592 159 1595 ·
275 1555 417 1646 quaedam
436 1566 575 1627 Photium
595 1565 746 1626 adiecisse.
781 1564 830 1624 Sic
849 1567 1026 1645 vituperatio
1046 1584 1199 1627 sacrorum
1215 1564 1286 1625 Cain
1305 1573 1335 1624 et
1348 1562 1422 1624 Abel

272 1693 286 1733 a
311 1673 424 1734 Iuliano
455 1674 531 1732 facta
562 1671 740 1752 reprobatur
763 1691 778 1731 a
802 1671 908 1732 Photio
936 1675 976 1732 in‘
996 1675 1169 1752 quaestione
1195 1669 1259 1733 109
1281 1691 1309 1750 p.
1324 1666 1422 1730 650ss

272 1781 306 1840 ad
337 1775 435 1841 aban
467 1774 526 1860 (ed.
557 1771 813 1862 Hergenroether)
847 1781 900 1858 ita,
933 1787 967 1839 ut
999 1783 1095 1840 omnia
1129 1799 1165 1839 ex
1198 1777 1299 1857 Cyrifli
1331 1793 1421 1856 opere

270 1905 299 1966 p.
314 1883 377 1947 347
389 1903 452 1964 sqq.
476 1887 536 1946 sint
559 1885 731 1965 deprompta
755 1894 873 1964 praeter
899 1903 946 1966 ea,
971 1904 1045 1965 qnae
1070 1881 1167 1946 6500
1191 1885 1382 1945 inveniuntur
1405 1899 1421 1940 a

270 1991 375 2052 Photio
400 1991 522 2053 adiecta.
559 1991 743 2074 Quamquam
768 1992 950 2052 refutaretur
969 2009 1033 2052 mea
1057 1994 1204 2052 sententia
1227 2009 1284 2069 qua
1304 1989 1364 2049 dixi
1387 1990 1419 2048 in

272 2107 429 2178 angustum
454 2097 559 2176 Cyrifli'
578 2097 670 2159 libros
693 2098 831 2159 Photium
855 2100 1001 2178 coegisse,
1026 2101 1050 2158 si
1073 2106 1135 2160 tota
1159 2099 1294 2177 quaestio
1317 2094 1421 2174 Amph.

273 2203 334 2267 101
360 2225 396 2266 ex
419 2205 598 2265 refutatione
625 2203 771 2265 librorum
795 2203 900 2265 fuliani
923 2213 1003 2264 esset
1027 2204 1209 2285 deprompta.
1248 2204 1329 2274 Quae
1353 2219 1421 2261 cnm

272 2314 303 2372 in
327 2312 455 2372 editione
474 2311 619 2390 Migniana
644 2313 811 2371 inveniatur
835 2329 851 2370 a
874 2329 901 2389 p.
917 2307 1015 2371 6161)
1040 2311 1074 2371 ad
1095 2307 1207 2371 633B:
1230 2309 1420 2370 statuendum

272 2419 340 2479 inde
356 2426 435 2478 essct
450 2419 647 2496 copiosiorem
661 2436 698 2477 nc
713 2416 814 2496 Gyrifli
829 2417 948 2495 quidem
964 2417 1055 2477 fnisse
1070 2417 1282 2477 defensionem.
1312 2415 1420 2475 Verum

272 2528 423 2585 enimvero
448 2523 520 2586 haec
544 2530 615 2584 sunt
637 2523 735 2583 Photii
759 2523 847 2583 verba
871 2543 898 2602 p.
914 2520 1027 2584 utin:
1051 2521 1071 2584 d
1090 2525 1170 2598 γοῦν
1194 2522 1230 2584 ἐν
1248 2524 1317 2584 τοῖς
1340 2518 1421 2596 πρὸ(

272 2630 398 2693 ἐκεῖνον
426 2625 482 2710 (sc.
507 2617 695 2710 'fouhrcvdv)
725 2626 818 2692 εἶπον
845 2628 896 2691 καὶ
925 2625 971 2692 ὧν
999 2627 1017 2705 ἡ
1048 2629 1150 2707 μνήμη
1178 2630 1237 2706 τὴν
1265 2624 1421 2704 εωτηρίαν

273 2736 348 2814 ἔχει,
367 2739 463 2799 τοῦτο
484 2736 522 2827 δή
543 2754 589 2797 cor
609 2733 809 2813 ἀναγράφων
828 2733 890 2798 κτὲ.
922 2736 1001 2816 Ergo
1021 2739 1228 2825 refutationem
1249 2754 1332 2797 suam
1346 2735 1421 2794 Pho·

273 2848 333 2906 tins
350 2846 407 2905 hoc
427 2843 491 2904 loco
511 2861 570 2903 nou
590 2846 755 2924 exscripsit,
779 2844 832 2904 sed
851 2861 902 2904 eas
921 2861 970 2903 res
989 2843 1096 2904 litteris
1115 2843 1272 2924 mandavit,
1296 2859 1420 2922 quarum

273 2950 415 3012 scribenti
438 2951 468 3010 in
494 2959 621 3011 mentem
643 2953 735 3032 venit;
759 2953 816 3010 nisi
835 2951 926 3031 forte,
950 2970 1018 3011 cnm
1041 2953 1072 3010 in
1086 2949 1299 3029 Amphilochiis
1318 2966 1420 3009 omnes

214 3110 216 3113 ,
273 3061 461 3137 quaestiones
486 3057 635 3118 uberrime
660 3066 690 3118 et
712 3057 836 3118 verbose
861 3065 1015 3138 tractaret,
1044 3061 1140 3136 ipsum
1165 3055 1265 3135 Cyriili
1289 3055 1422 3116 adhibuit
1491 3035 1494 3040 Δ

273 3184 356 3245 opus.
393 3165 478 3236 Quod
503 3165 636 3225 evoivere
660 3167 718 3224 iam
737 3163 873 3244 debebat,
895 3173 929 3225 ut
952 3165 988 3224 ad
1012 3157 1145 3225 notitiam
1170 3165 1284 3224 veniret
1304 3173 1420 3224 senten-

273 3274 381 3333 tiarum
400 3271 513 3333 Iuliani.
546 3271 707 3332 Abicienda
726 3274 805 3332 enim
825 3279 871 3332 est
889 3271 1059 3352 Oeconomi,
1078 3275 1129 3351 qui
1151 3290 1176 3332 a.
1193 3267 1278 3332 1858
1298 3270 1420 3331 Athenis

274 3387 388 3457 quaest.
403 3378 507 3457 Amph.
527 3378 627 3458 edidit,
647 3373 826 3462 sententiaf)
846 3382 995 3440 censentis
1015 3382 1102 3440 etiam
1121 3379 1219 3439 Photii
1237 3376 1420 3456 temporibus

273 3488 451 3563 superstites
474 3485 565 3545 fuisse
585 3483 690 3544 Iuliani
714 3485 819 3566 libros3
841 3485 870 3545 id
895 3485 974 3563 quod
999 3481 1158 3565 nrrmqnam
1183 3485 1373 3562 coniecisset,
1395 3485 1421 3542 si

275 3607 388 3649 memor
411 3590 517 3650 fuisset
536 3589 695 3650 verborum
718 3590 836 3651 loannis
856 3591 1058 3670 Chrysostomi
1081 3595 1139 3652 iam
1159 3594 1277 3672 saepius
1301 3590 1421 3652 anobis

273 3696 438 3756 allatorum.
476 3695 625 3756 habemns
649 3704 746 3756 autem
772 3706 956 3777 compertum
977 3698 1126 3777 Cyriiiiani
1149 3701 1249 3777 operis
1272 3696 1422 3777 exemplar

274 3812 423 3864 servatum
452 3819 517 3862 esse
547 3805 578 3862 in
607 3802 783 3863 bibliotheca
811 3805 989 3882 patriarchei
1017 3803 1341 3884 Constantinopolitani.
1379 3803 1421 3866 Cf.

169 3934 172 3940 ¹
274 3919 405 3970 extrema
434 3907 522 3970 verba
556 3910 711 3988 fragmenti
741 3909 890 3971 undecimi
918 3910 1080 3990 Cyriiiiani,
1112 3910 1192 3989 quod
1221 3918 1317 3971 exstat
1344 3909 1421 3990 apud

274 4016 433 4095 hiensium,
462 4033 536 4077 sacr.
560 4035 642 4077 conc.
667 4035 741 4077 nova
765 4015 829 4077 coli.
853 4017 901 4078 xl.
925 4037 952 4097 p.
968 4013 1073 4100 4091)
1088 4036 1152 4096 sqq.
1198 4017 1257 4077 iam
1286 4036 1356 4078 vero
1384 4017 1422 4094 de

348 4281 373 4345 1)
393 4277 435 4332 cd.
454 4277 679 4348 Hergenroebher
697 4279 783 4347 (Patr.
803 4275 849 4333 Gr.
869 4295 925 4334 cur.
944 4276 1038 4348 Migne
1057 4279 1111 4336 vol.
1131 4279 1194 4350 01).

345 4368 373 4430 2)
394 4367 436 4421 cd.
455 4366 687 4436 Hergenroether.
1181 4398 1184 4403 -

346 4459 374 4528 3)
392 4474 420 4526 p.
441 4462 491 4511 168
510 4456 574 4511 adn.
594 4462 618 4512 6.
