3192 4906
601 311 641 365 De
661 310 762 367 Iuliani
780 311 914 367 librorum
932 311 1006 365 fetis.
1340 311 1383 374 93

229 475 282 540 καὶ
305 475 506 554 opsonator
531 473 731 553 ἁρμόττοντα
754 477 899 554 μιιήιατε
925 472 980 560 (sc.
1005 473 1032 537 ὦ
1055 472 1222 559 Ἕλληνες)
1251 475 1383 555 θύματα,

228 585 288 662 τὴν
312 585 347 648 δὲ
371 588 426 662 τῆ(
454 583 606 650 αἰνέιεω(
629 582 739 647 θυείαν
762 587 808 666 τῷ
832 587 947 666 ποιητῇ
970 585 1214 662 προιενέγκατε.
1245 585 1382 648 πειθέτω

228 691 265 753 δὲ
290 690 369 769 ὑμᾶς
392 695 490 754 τοῦτο
514 695 621 756 ποιεῖν
644 692 683 768 μὴ
707 693 774 754 τῶν
799 688 1033 768 βαειλευόντων
1057 689 1088 753 οἱ
1107 689 1200 768 νόμοι
1224 691 1302 769 μηδὲ
1326 695 1382 769 τῆς

227 797 379 877 τιμωρία(
402 797 439 861 τὸ
468 799 555 876 δέοι,
586 795 670 861 ἀλλὰ
696 802 752 875 τῆ(
779 795 930 875 ἀληθεία(
958 797 995 860 τὸ
1019 795 1134 875 κράτος
1158 796 1220 861 κτὲ.
1257 799 1382 861 Exstant

228 917 329 969 autem
352 907 427 968 duae
452 906 612 967 Theodosii
634 909 761 968 iunioris
785 905 880 990 leges,
904 905 1012 986 quibus
1036 908 1142 985 pagani
1165 915 1303 968 vetantur
1325 907 1382 967 diis

228 1015 412 1095 sacrificare3
437 1032 563 1093 quarum
588 1014 679 1075 altera
704 1007 784 1094 (cod.
808 1013 918 1074 Theod.
938 1012 1010 1074 XVI.
1034 1013 1091 1074 lit.
1111 1011 1146 1074 X.
1165 1009 1222 1095 23)
1246 1014 1313 1075 data
1336 1023 1382 1074 est

227 1139 307 1180 anno
331 1140 358 1200 p.
383 1120 413 1181 C.
437 1141 465 1181 ιι.
485 1118 564 1201 423,
587 1120 678 1182 altera
702 1115 781 1201 (cod.
805 1120 916 1181 Theod.
935 1120 1006 1180 XVI.
1031 1120 1088 1182 Tit.
1108 1119 1143 1180 X.
1162 1116 1220 1202 25)
1245 1121 1382 1182 Garnerii

226 1227 414 1307 temporibus
446 1226 634 1288 tribuebatur
666 1246 743 1287 atino
776 1225 851 1288 426.
896 1227 934 1287 Et
967 1227 1044 1287 banc
1077 1227 1197 1305 quidem
1230 1235 1380 1307 spectasse

227 1333 453 1395 Theodoretum
476 1353 545 1394 cum
573 1334 768 1395 contenderet
791 1333 966 1415 Garnerius‚
992 1336 1149 1413 scripsisse
1172 1353 1241 1395 eum
1264 1335 1382 1394 censuit

226 1459 307 1500 anno
325 1437 404 1520 4273
427 1440 457 1501 id
481 1459 540 1519 quo
564 1441 629 1500 fieri
648 1459 705 1501 non
725 1459 813 1520 posse
838 1459 928 1521 supra
946 1441 1149 1502 indicavimus.
1182 1439 1248 1501 Huc
1267 1441 1381 1502 accedit

134 1525 137 1530 ¹
227 1547 309 1626 quod
333 1566 367 1608 ea
390 1547 450 1628 lex,
476 1565 534 1625 qua
558 1547 720 1608 Garnerius
743 1549 863 1628 nititur,
891 1549 1013 1608 minime
1041 1547 1108 1609 data
1132 1555 1178 1608 est
1201 1565 1278 1608 anno
1301 1544 1381 1628 4263

228 1655 316 1715 cuius
340 1653 591 1733 subscriptionem
615 1649 689 1715 ‘liat
713 1653 827 1714 XVllll.
852 1653 972 1714 Kalend.
997 1654 1134 1715 Decemb.
1159 1654 1189 1715 C.
1213 1655 1244 1715 P.
1268 1653 1379 1714 Tlreod.

226 1759 291 1821 Xll.
315 1780 351 1821 ex
374 1759 485 1821 Valent.
508 1759 571 1820 llll.
595 1762 651 1821 ΑΑ.
676 1756 784 1822 conss’
808 1763 847 1821 ita
872 1760 964 1821 scribi
986 1779 1046 1821 non
1069 1763 1216 1841 potuisse,
1241 1760 1292 1820 sed
1317 1779 1379 1821 mu·

227 1867 347 1928 tendam
369 1886 434 1928 esse
458 1869 487 1926 in
512 1862 586 1927 ‘llat
606 1865 706 1928 XVlll.
728 1865 849 1928 Kalend.
868 1866 1005 1927 Decemb.
1030 1867 1060 1927 C.
1079 1866 1110 1927 P.
1135 1867 1246 1927 Theod.
1266 1866 1324 1927 XV.
1350 1876 1379 1928 et

227 1973 341 2036 Valent.
359 1973 404 2034 lV.
428 1974 484 2034 ΑΑ.
508 1970 617 2036 conss’
641 1977 698 2036 iam
723 1975 773 2035 diu
797 1973 981 2035 intellectum
1004 1984 1050 2035 est
1073 1984 1103 2035 et
1126 1974 1161 2036 ab
1181 1974 1321 2036 Haenelio
1344 1977 1375 2034 in

227 2080 358 2142 editione
377 2082 621 2142 animadversum.
659 2080 738 2160 Ergo
758 2081 824 2141 data
844 2090 890 2141 est
912 2081 959 2140 lex
982 2081 1030 2141 illa
1050 2089 1127 2143 anno
1146 2101 1173 2161 p.
1193 2081 1244 2143 Ch.
1260 2101 1288 2144 n.
1303 2079 1378 2142 435.

227 2186 302 2248 Post
321 2206 409 2266 quam
428 2190 505 2249 sire
526 2207 593 2248 vera
614 2189 717 2268 scripti
737 2190 797 2248 sint
815 2187 1037 2266 therapeuticae
1055 2187 1137 2269 libri,
1160 2188 1290 2268 ponendi
1316 2191 1379 2250 sine

228 2293 321 2354 dubio
344 2297 375 2354 in
398 2294 470 2376 illis,
499 2314 575 2374 quos
599 2303 666 2356 ante
695 2295 851 2356 duodecim
875 2313 968 2355 annos
998 2314 1028 2356 se
1058 2298 1213 2375 scripsisse
1240 2295 1381 2357 indicavit

227 2399 445 2482 Theodoretus,
468 2420 539 2481 ergo
558 2421 635 2463 anno
654 2399 718 2463 437
743 2402 912 2463 censendus
931 2401 979 2463 ille
999 2401 1181 2462 Graecorum
1205 2401 1380 2482 religionem

227 2510 428 2586 impugnasse.
465 2508 523 2568 Sed
543 2509 685 2568 etiamad
705 2509 780 2569 hanc
800 2509 895 2587 legem
914 2512 1066 2588 pertinere
1086 2512 1151 2569 eius
1169 2509 1259 2570 verba
1279 2528 1379 2589 quam-

227 2632 317 2692 quam
338 2615 491 2676 contendit
509 2613 680 2694 Garnerius,
704 2607 886 2694 argumentis
911 2634 969 2676 non
993 2616 1119 2676 lirmavit
1140 2634 1237 2695 neque
1260 2617 1379 2676 firmare

226 2722 362 2799 potuisse
388 2721 459 2782 mibi
488 2721 613 2782 videtur.
650 2721 781 2801 Utraque
810 2724 887 2782 enirn
918 2721 981 2801 lege
1011 2722 1163 2782 sacriticiis
1190 2713 1396 2783 interdicitur

226 2829 359 2906 progenis.
395 2826 474 2906 Ergo
498 2808 674 2890 fieri'etiam
702 2837 813 2908 potest,
843 2837 875 2889 ut
898 2828 989 2889 solam
1018 2830 1149 2907 priorem
1179 2827 1274 2907 legem
1302 2847 1378 2889 anno

226 2919 296 2994 423
324 2933 421 2994 datam
444 2937 622 3014 spectaverit
644 2935 866 3014 theodoretus
893 2934 972 3012 qnod
996 2936 1047 3012 qui
1076 2936 1179 2995 statuit
1203 2934 1244 2994 nil
1268 2936 1379 2994 certius

227 3039 385 3101 adfirmare
409 3050 506 3120 potest
530 3043 587 3101 nisi
610 3039 817 3101 circumscribi
839 3039 869 3100 id
889 3057 948 3117 quo
972 3042 1082 3118 scripta
1107 3048 1152 3099 est
1174 3039 1379 3118 therapeutica

227 3149 373 3225 temporis
397 3149 523 3226 spatium
548 3149 628 3208 exitu
652 3164 798 3206 annorum
821 3142 885 3206 429
910 3155 941 3205 et
958 3141 1033 3226 435,
1057 3147 1199 3225 scriptam
1224 3164 1288 3206 esse
1314 3165 1377 3207 eam

227 3271 308 3313 anno
332 3262 382 3315 aut
405 3251 470 3314 429
494 3263 546 3314 aut
568 3251 632 3315 431
657 3262 709 3314 aut
731 3249 805 3313 434.

319 3359 380 3420 lam
394 3378 498 3422 omnes
513 3362 751 3422 enumeravimus
766 3362 937 3439 scriptores,
952 3360 1004 3437 qui
1019 3358 1124 3420 loliani
1139 3360 1263 3420 crimina
1277 3359 1378 3438 delen·

227 3465 302 3526 dere
321 3467 515 3549 studuerunt,
534 3487 592 3546 quo
613 3469 799 3546 corrigerent
816 3484 998 3545 paganorum
1017 3483 1144 3526 errores.
1176 3466 1279 3544 Neque
1299 3469 1379 3527 enim

228 3575 388 3652 quisquam
402 3583 470 3652 post
484 3576 702 3634 controversias
716 3573 906 3635 Nestorianas
924 3572 1038 3633 studuit
1056 3571 1140 3632 libris
1153 3571 1301 3653 luliaueis,
1321 3575 1378 3634 nisi

226 3686 299 3757 post
320 3677 552 3758 quadringentos
576 3697 669 3739 annos
691 3673 852 3740 Plotius
875 3678 1042 3757 patriarcha
1062 3674 1378 3757 Constantinopo-

227 3779 392 3846 titanus.
434 3785 526 3847 Cuius
552 3769 688 3866 tempore
712 3804 890 3866 quamquam
918 3787 1041 3846 luerunt
1068 3787 1156 3846 etiam
1184 3785 1320 3846 homines
1347 3789 1378 3846 in

225 3891 462 3972 iis‘regionibus
486 3910 560 3970 quae
585 3892 733 3970 quondam
764 3893 880 3952 lacerant
903 3890 1026 3951 Romani
1055 3893 1172 3969 imperii
1200 3893 1378 3972 provinciae,

228 4001 586 4078 quamquametiamtum
614 4000 696 4059 luere
721 4000 773 4077 qui
798 4015 979 4077 paganorum
1008 4015 1091 4057 sacra
1114 3997 1378 4076 amplecterentur:
1433 4009 1439 4024 '

227 4104 486 4184 Constantinopoli
509 4123 568 4164 non
587 4104 822 4165 inveniebantur.
857 4103 982 4182 Paganis
1005 4105 1096 4181 igitur
1114 4103 1321 4184 persuadendi,
1344 4111 1378 4164 ut

227 4213 407 4273 sententiam
431 4219 594 4294 mutarent,
622 4211 778 4272 consilium
801 4208 910 4270 habere
938 4227 998 4269 non
1021 4211 1119 4288 potuit
1141 4208 1280 4289 Photius,
1308 4227 1377 4270 cum

225 4322 294 4398 ipse
319 4337 436 4398 quoque
460 4317 564 4378 loliani
592 4316 684 4378 libros
707 4316 909 4393 redargueret.
948 4314 1032 4385 Quod
1061 4323 1095 4376 ut
1123 4317 1233 4376 laceret
1262 4315 1377 4377 duabus

225 4425 328 4485 causis
360 4431 477 4503 poterat
504 4425 691 4485 commoveri.
732 4422 894 4482 Vocaverat
925 4424 1003 4482 enim
1031 4421 1161 4484 lulianus
1193 4425 1224 4482 in
1253 4441 1376 4483 examen
