3192 4906
256 291 320 356 150
750 289 905 358 capatus.

256 459 363 518 nioneo
384 457 475 520 inisse
490 456 708 535 uccolumpadn
723 457 967 535 interpretatione
983 455 1134 516 doeemur.
1153 453 1195 515 ita
1210 451 1286 515 43Α
1302 451 1398 516 tnur-

255 563 400 638 έρχεεθαι
420 565 528 626 iniuria
547 563 689 624 scribitur
708 564 739 622 in
760 560 806 642 M,
829 559 1038 638 ἐπανερὲιθαι
1057 571 1138 622 recte
1164 560 1306 622 exhibent
1324 560 1348 618 V
1368 569 1400 622 et

255 666 326 752 ΨῙ),
340 669 583 750 Oecoiampadins
597 671 698 730 uertit:
713 664 927 749 ‘interrogandi
938 664 1046 730 erunt'.
1071 667 1174 747 Neque
1186 671 1283 729 minus
1294 667 1399 748 pean

255 775 335 853 ὑπὲρ
360 773 399 838 οὗ
423 776 542 837 exbibet
566 776 607 852 M,
632 773 713 852 ὑπὲρ
736 777 814 839 θεοῦ
838 777 869 858 V,
893 772 941 838 ‘de
965 771 1033 837 deo'
1054 775 1309 855 oecolampadius.
1346 775 1400 835 Ne·

255 904 313 964 que
336 887 428 964 igitur
451 882 574 944 dubium
598 901 664 943 esse
688 885 777 944 etiam
799 891 913 965 potest,
941 884 1012 960 quin
1038 881 1070 944 Μ
1095 882 1171 942 etY
1199 877 1401 966 (deperditus)

256 991 423 1071 apographa
447 991 559 1052 inerint
582 984 784 1071 Capnionei2).

302 1077 304 1080 ⁵
344 1097 483 1158 Codicem
507 1096 724 1160 Scorialensem
745 1096 775 1158 V
802 1095 889 1156 modo
917 1096 1034 1157 ostendi
1061 1115 1121 1156 nen
1150 1113 1186 1156 err
1211 1094 1243 1157 Μ
1270 1096 1403 1178 duruisse,

255 1205 307 1266 sed
331 1224 367 1266 ex
391 1208 456 1266 eius
479 1205 647 1284 archetypo.
689 1204 792 1282 Neque
820 1211 919 1264 tamen
947 1203 983 1262 de
1013 1212 1075 1264 toto
1097 1203 1201 1263 codice
1225 1206 1402 1264 sententiam

255 1311 331 1371 hanc
350 1298 477 1391 probare
495 1329 626 1390 possum.
658 1310 847 1369 Prooemium
862 1319 943 1370 certe
959 1329 994 1370 ex
1009 1313 1074 1389 ipso
1090 1310 1192 1370 codice
1206 1309 1355 1371 Marciano
1371 1309 1402 1372 Μ

256 1417 440 1495 descriptum
465 1423 509 1476 est
532 1424 583 1476 ant
602 1435 638 1476 ex
658 1416 826 1495 apographo
846 1416 973 1494 quodam
993 1417 1066 1476 eius.
1103 1417 1177 1478 Nam
1190 1413 1254 1495 p.3
1274 1416 1298 1476 E
1314 1413 1335 1477 5
1354 1415 1404 1477 καὶ

257 1523 294 1599 δὴ
323 1518 408 1597 τρία
437 1521 639 1605 (υγγέγραφε
670 1520 772 1600 βιβλία
804 1525 835 1582 in
864 1522 1032 1601 Capnioneo
1067 1523 1158 1584 inisse
1187 1523 1404 1602 Oeeolampadii

257 1630 395 1688 versione
412 1627 553 1688 etaltera
572 1628 684 1688 codicis
698 1629 884 1690 Monacensis
903 1647 992 1689 manu
1011 1629 1162 1709 probatur.
1192 1630 1288 1713 ‚Deest
1306 1637 1405 1690 numm

256 1752 312 1793 vox
331 1729 403 1808 τρία
420 1742 454 1794 nt
472 1736 503 1794 in
517 1733 664 1794 Marciano
680 1734 723 1815 M,
744 1737 785 1796 ita
799 1737 830 1794 in
845 1733 1024 1795 Scorialensi
1038 1733 1075 1796 Ψ.
1104 1735 1169 1795 ‘iam
1188 1737 1214 1796 si
1233 1738 1404 1796 memineris

255 1841 441 1921 prooemium
456 1842 486 1900 in
502 1840 604 1902 codice
619 1841 641 1899 V
660 1843 725 1922 ipse
746 1843 865 1902 minime
885 1841 965 1902 laeso
980 1843 1100 1902 omnino
1124 1861 1182 1902 nnn
1207 1851 1334 1924 exstare,
1352 1843 1404 1904 du-

257 1948 338 2008 bium
353 1965 419 2009 esse
433 1950 480 2008 vix
495 1957 603 2029 potest,
616 1951 689 2027 quin
705 1967 741 2009 ne
756 1951 786 2009 in
797 1948 899 2009 codice
915 1948 1069 2026 quidemV
1083 1950 1182 2010 suerit,
1206 1948 1291 2019 Quod
1306 1958 1405 2012 antem

257 2075 294 2116 ne
310 2055 431 2116 aiteram
442 2056 561 2134 quidem
575 2055 720 2117 ¹librorum
736 2056 893 2135 pentadem
903 2057 1032 2117 Venetus
1043 2056 1067 2114 V
1080 2059 1222 2136 continet,
1237 2056 1266 2117 id
1281 2056 1405 2119 dubium

256 2179 410 2224 remanere
430 2162 527 2242 debet,
546 2170 648 2224 utrum
666 2165 729 2243 ipsa
748 2166 780 2224 in
799 2163 822 2222 Y
842 2165 932 2223 suerit
951 2181 1054 2243 necne,
1074 2172 1176 2224 utrum
1195 2182 1231 2223 ex
1250 2163 1273 2222 Y
1293 2182 1359 2225 eam
1378 2163 1406 2226 Ψ

258 2270 451 2348 descripserit
470 2287 507 2329 an
527 2288 562 2328 ex
582 2269 687 2330 eodem
706 2269 818 2349 codice,
842 2269 878 2330 de
897 2287 957 2348 que
976 2271 1161 2348 prooemium
1181 2279 1334 2333 mutuatus
1353 2279 1406 2331 est.

258 2376 387 2437 Alterius
403 2378 481 2436 enim
491 2375 627 2454 pentadis
642 2378 806 2455 scripturas
817 2374 953 2436 Loewius
968 2393 1085 2436 mecum
1100 2394 1160 2436 non
1171 2379 1406 2438 communicavit.

348 2483 488 2552 Quaestio
508 2502 589 2544 nunc
603 2485 708 2563 oritur,
728 2501 818 2561 quem
832 2483 965 2543 codicem
980 2482 1129 2542 Aubertus
1147 2485 1307 2563 praecipue
1323 2501 1406 2545 secu-

190 2581 192 2585 ’
260 2600 308 2651 tus
332 2593 371 2651 sit
394 2593 424 2650 in
448 2589 617 2650 adornanda
636 2589 775 2669 editione,
796 2607 888 2668 quem
910 2608 997 2650 suum
1022 2584 1085 2671 (sc
1098 2589 1232 2650 codicem
1255 2585 1405 2672 nostrum)

260 2696 423 2776 appellarit.
456 2697 498 2758 Ac
517 2695 699 2775 deprehendi
718 2695 929 2756 Aubertianam
948 2698 978 2755 in
997 2695 1082 2757 libris
1101 2696 1199 2757 t-v.
1219 2713 1287 2757 cum
1303 2698 1407 2758 codiee

259 2804 281 2862 V
305 2805 488 2886 consentire,
517 2821 586 2864 cum
610 2802 642 2864 M
672 2805 702 2864 in
731 2805 767 2863 iis
793 2804 847 2881 qui
871 2811 1047 2881 sequuntur.
1085 2803 1171 2872 Quod
1199 2803 1251 2863 ubi
1279 2804 1406 2865 animad-

259 2913 343 2991 verti,
362 2911 569 2972 Monacensem
589 2912 703 2970 conieci
723 2910 833 2970 iontem
848 2928 915 2970 esse
934 2908 1071 2970 editionis
1092 2909 1299 2972 Aubertianae.
1326 2913 1406 2982 Quae

259 3020 430 3080 coniectura
455 3020 543 3079 etiam
567 3017 632 3077 aliis
651 3018 833 3096 argumentis
856 3015 1009 3096 probatur.
1048 3015 1125 3076 Sunt
1146 3019 1225 3077 enim
1249 3036 1298 3078 res
1323 3020 1405 3079 mini·

259 3143 333 3205 mae,
352 3124 461 3203 quibus
480 3125 665 3184 Monacensis
685 3142 701 3182 a
720 3121 872 3184 codicibus
894 3122 1013 3182 Venetis
1032 3121 1163 3185 diderat:
1182 3132 1270 3202 atque
1290 3125 1407 3186 easdem

260 3233 425 3310 scripturae
455 3234 610 3291 varietates
636 3232 667 3289 in
697 3229 826 3290 editione
855 3227 1034 3288 duubertiana
1062 3230 1203 3289 invenies.
1244 3228 1288 3290 Ita
1315 3228 1406 3292 138n

261 3333 387 3399 ἄνωθεν
406 3333 485 3397 αὐτὸ
510 3338 616 3398 ποιεῖν
640 3336 748 3416 iegitur
771 3337 802 3395 in
826 3335 847 3392 V
873 3329 917 3414 (et
937 3327 999 3416 M):
1023 3332 1060 3395 τὸ
1084 3353 1138 3413 pre
1163 3332 1242 3397 αὐτὸ
1265 3337 1408 3415 praebent

263 3442 286 3504 Β
308 3443 323 3503 1
350 3453 380 3504 et
402 3443 593 3524 dubertiana3
619 3462 646 3521 p.
665 3440 764 3504 218n
789 3442 942 3517 διηνεκῶς
966 3441 1085 3502 exhibet
1108 3441 1155 3522 M,
1179 3442 1321 3519 διηνεκὲς
1346 3442 1368 3504 B
1390 3443 1405 3503 1

262 3558 293 3608 et
311 3547 499 3609 dubertiana.
532 3549 634 3627 Neque
655 3557 752 3608 tamen
772 3550 837 3626 ipso
856 3548 958 3608 codice
978 3546 1149 3608 Monaceusi
1167 3547 1318 3610 dabertus
1338 3568 1408 3611 usus

262 3663 317 3734 est,
341 3655 393 3714 sed
417 3654 584 3735 apographo
604 3653 730 3736 quodam
750 3654 787 3713 de
807 3673 842 3714 en
862 3654 1011 3733 descripto
1019 3648 1055 3736 ³).
1093 3653 1202 3715 Omnes
1218 3657 1297 3716 enim
1321 3656 1409 3735 lotoe,

264 3796 478 3814 τ--ῄ--ι

307 3859 308 3862 ¹
336 3883 360 3949 1)
379 3879 442 3935 Nisi
461 3879 536 3948 quod
554 3879 578 3932 Ψ
597 3875 684 3932 habeb
703 3878 888 3944 ἐπανὲρειθαι.
1379 3939 1386 3954 ·

334 3971 362 4039 2)
382 3963 422 4024 Eo
441 3968 528 4038 igitur
545 3968 681 4036 tempore,
700 3984 755 4037 qno
774 3968 802 4021 M
822 3968 851 4021 eb
868 3966 894 4020 Y
913 3966 1152 4036 describebantur,
1173 3984 1229 4022 non
1247 3968 1363 4023 deerant
1380 3967 1408 4022 in

264 4057 425 4127 Oapnioneo
450 4056 518 4112 folie
542 4057 587 4110 vel
610 4054 722 4122 folium,
745 4072 800 4124 quo
819 4073 846 4124 p.
863 4054 1118 4111 1aAt-14Ea
1143 4055 1350 4124 continebatur3
1374 4054 1407 4113 of.

266 4147 360 4202 Oeeol.
379 4145 428 4202 fol.
448 4146 506 4200 31).

335 4237 362 4303 3)
381 4235 423 4290 Ex
442 4252 475 4289 eo
499 4234 586 4304 igitur·
605 4233 744 4288 Aubertus
763 4234 850 4289 etium
869 4251 917 4289 ees
939 4235 1091 4304 scripturas
1110 4233 1268 4304 exscripsit,
1292 4233 1407 4304 quaein

265 4326 324 4380 eius
346 4322 449 4380 ‘variis
469 4323 650 4379 lectionibus'
677 4326 705 4378 et
728 4322 757 4378 in
781 4323 876 4380 codice
896 4323 1055 4379 Monacensi
1078 4327 1189 4379 exstent
1211 4323 1322 4379 adiectu
1344 4339 1408 4378 noea

266 4413 349 4484 ‘clijt
