3192 4906
516 299 557 353 De
576 299 677 354 Iuliani
695 299 787 354 verbis
806 299 1017 357 constituendis.
1276 304 1340 366 145

196 463 276 534 eras
299 485 402 529 omnes
430 469 455 527 is
484 469 535 545 qui
559 467 691 527 codicem
720 470 839 547 scripsit
865 465 928 528 124
951 471 991 528 ita
1014 470 1126 548 cussit,
1154 477 1187 529 ut
1214 489 1340 532 vacuum

194 574 230 631 iis
255 574 437 654 relinqueret
460 569 597 652 spatium.
634 573 677 633 lta
700 592 728 652 p.
743 571 798 634 ΒΑ
819 572 839 634 9
868 593 956 635 voces
980 583 1096 642 exstant
1119 570 1195 648 παρ’
1218 573 1339 651 ἑτέρων

193 677 233 738 τὰ
256 677 302 741 εἰ(
324 677 416 754 ὑμᾶς,
445 697 542 757 neque
566 688 665 739 tamen
693 682 724 738 in
753 679 854 740 codice
880 679 912 741 Μ
941 684 1098 760 quicquam
1128 700 1207 741 nrrnc
1230 681 1339 760 legitur

95 777 97 782 ’
193 787 250 845 uisi
274 781 350 861 παρ’
373 783 494 861 ἑτέρων
516 782 555 844 τὰ
579 803 608 866 ες
637 786 820 864 reliquarum
848 787 1015 848 litterarum
1043 787 1115 846 aliae
1145 800 1339 870 evanuerunt,

179 890 265 950 aliae
285 891 433 952 abscissae
454 900 531 952 strat.
569 892 610 951 bc
630 909 666 951 ne
686 894 717 951 in
736 894 837 954 codice
858 894 977 972 quidem
1000 891 1063 954 124
1085 913 1173 954 voces
1197 892 1241 956 εἰ(
1260 893 1339 972 ὑμᾶς

194 1002 322 1078 scriptae
348 1001 553 1080 inveniuntur,
580 998 632 1058 sed
655 999 760 1060 lacuna
784 1009 935 1080 comparet
957 1009 1026 1080 post
1048 996 1123 1076 παρ’
1142 998 1262 1077 ἑτέρων
1286 1000 1338 1082 τὰς

194 1123 290 1184 neque
316 1108 414 1166 minus
438 1105 535 1165 littera
559 1122 589 1186 ε,
615 1123 689 1184 quae
713 1108 744 1166 in
773 1107 874 1167 codice
900 1106 931 1168 Μ
956 1111 1043 1168 etiam
1067 1097 1206 1187 cognosci
1232 1095 1339 1188 potest,

192 1214 222 1270 in
246 1212 348 1272 codice
374 1210 438 1272 124
466 1214 575 1272 omissa
603 1220 658 1272 cst.
699 1213 796 1292 Atque
825 1214 928 1274 eodem
958 1215 1044 1274 modo
1067 1212 1167 1294 p.2rl
1190 1212 1228 1274 11
1258 1218 1338 1275 vocis

191 1318 383 1395 χαριετήριοι
401 1318 499 1378 littera
518 1335 537 1393 χ
558 1321 726 1380 etiamnunc
744 1321 861 1398 integra
880 1328 984 1402 exstat,
1003 1320 1118 1382 litterae
1138 1338 1199 1397 χαρ
1218 1322 1338 1382 difficile

191 1433 422 1506 cognoscuntur,
446 1424 576 1505 reliquae
601 1425 802 1504 deperierunt.
839 1425 987 1506 Integram
1011 1435 1110 1487 autem
1128 1447 1230 1488 vocem
1250 1446 1337 1504 χαρι-

191 1531 310 1606 cuipter
334 1531 426 1591 codex
452 1529 515 1591 124
544 1551 604 1591 non
629 1532 795 1611 descripsit.
837 1532 926 1594 Petiti
955 1543 1024 1594 sunt
1047 1532 1117 1614 loci,
1146 1552 1220 1612 quos
1252 1535 1338 1594 modo

190 1636 288 1712 attuli,
317 1656 352 1696 ex
377 1636 477 1717 Cyrilli
504 1639 670 1717 prooemio.
708 1638 766 1698 Sed
798 1657 835 1698 ue
864 1638 990 1698 aliorum
1017 1639 1162 1701 librorum
1192 1643 1336 1701 rationem

190 1743 275 1802 aliam
299 1761 365 1802 esse
394 1761 530 1825 censeas,
558 1763 637 1805 urinc
661 1746 781 1805 alleram
810 1744 899 1805 verba
926 1764 963 1805 ex
990 1745 1066 1806 libro
1083 1746 1124 1807 X.
1152 1746 1334 1826 deprompta.

189 1849 299 1928 Pagina
322 1851 401 1909 euim
425 1846 563 1910 358118
588 1850 746 1911 verborum
770 1853 964 1926 ψευδοεπεῖε
987 1850 1038 1913 καὶ
1061 1852 1177 1913 litterae
1201 1855 1335 1918 coenato

108 2028 110 2032 Ι
189 1954 240 2016 καὶ
264 1955 442 2016 madefactae
472 1958 593 2017 omnino
621 1957 684 2018 lere
712 1967 909 2039 excurrerunt,
938 1966 1026 2038 atque
1054 1963 1204 2020 recentior
1232 1978 1337 2020 manus

190 2081 239 2122 eas
269 2064 390 2140 vestigia
417 2065 530 2142 primae
559 2072 715 2142 persecuta
744 2064 914 2125 delineavit:
942 2067 1041 2125 omisit
1068 2084 1118 2125 eas
1144 2066 1237 2126 codex
1263 2063 1335 2126 124.

189 2169 291 2248 Neque
306 2169 462 2230 tacendum
479 2169 550 2228 mihi
564 2169 720 2248 permultis
734 2170 816 2252 locis,
830 2144 944 2249 quibus
953 2170 1046 2231 codex
1062 2170 1094 2232 Μ
1109 2171 1194 2231 aliam
1210 2175 1336 2253 scriptu-

189 2295 252 2336 ram
274 2276 398 2356 praebet
421 2285 509 2357 atque
533 2277 623 2337 editio
646 2277 808 2358 Migniana‚
836 2295 883 2337 me
908 2278 1040 2338 codicem
1066 2275 1130 2338 124
1157 2281 1336 2359 inspexisse:

188 2386 230 2444 ita
253 2401 321 2444 eum
345 2383 528 2462 deprehendi
552 2383 596 2443 vel
622 2385 652 2442 in
677 2382 849 2444 accentibus
873 2402 932 2444 non
956 2393 1037 2445 recte
1065 2387 1170 2463 positis
1193 2403 1335 2464 persaepe

189 2508 256 2549 curn
281 2489 383 2549 codice
408 2488 439 2550 M
463 2492 644 2550 consentire.

277 2595 380 2674 Neque
405 2597 502 2657 minus
526 2595 659 2656 codicem
679 2596 896 2657 Scorialensem
916 2593 942 2658 Ω
967 2616 1003 2658 ex
1026 2598 1128 2658 codice
1149 2596 1181 2658 M
1205 2597 1335 2677 descrip-

192 2712 254 2764 tum
271 2721 336 2763 esse
352 2721 388 2762 ex
403 2705 491 2763 variis
506 2705 570 2763 eius
587 2705 744 2782 scripturis
759 2723 775 2762 a
790 2703 907 2764 Loewio
922 2703 1068 2765 adnotatis
1082 2703 1222 2764 intellexi.
1253 2705 1334 2776 Quae

189 2813 276 2871 ctiam
301 2812 330 2868 in
354 2810 445 2870 rebus
468 2811 598 2869 minimis
626 2811 667 2870 ita
690 2813 881 2870 consentiunt
909 2829 977 2871 cum
1000 2813 1050 2889 iis,
1080 2828 1154 2888 quae
1178 2814 1208 2871 iu
1232 2811 1334 2871 codice

188 2917 336 2976 Marciano
359 2913 421 2976 123
442 2924 569 2997 exstant,
592 2924 626 2976 ut
643 2936 671 2995 p.
691 2913 764 2975 44Β
785 2913 805 2976 6
829 2919 860 2976 in
882 2913 1124 3004 'utroqueptibm
1143 2916 1257 2996 legatur
1281 2937 1335 2996 pro

189 3024 289 3097 μῦθοι.
332 3019 433 3091 Quid?
466 3021 550 3091 Quod
575 3042 603 3102 p.
626 3020 744 3082 49113
772 3019 874 3098 ὑγρὰν
900 3022 1041 3102 praebeat
1064 3022 1157 3081 codex
1181 3023 1203 3082 V
1228 3031 1257 3083 et
1286 3043 1333 3083 ex-

1174 3122 1184 3146 <
1214 3117 1243 3164 aa

190 3181 287 3243 hibuit
311 3182 403 3242 codex
422 3181 589 3262 Gapnionis,
617 3183 647 3240 in
670 3177 817 3241 Marciano
841 3190 939 3243 autem
964 3180 996 3242 M
1020 3181 1128 3260 legitur
1151 3136 1271 3263 biqpidv,
1302 3186 1333 3243 in

559 3296 565 3320 r
586 3277 614 3322 ὰν

187 3343 365 3404 Scorielensi
388 3338 415 3402 Ω
438 3287 584 3417 ὑγρὰνζίρ
616 3339 632 3402 P

276 3449 321 3509 Ex
344 3448 497 3509 codicibus
521 3446 553 3508 M
577 3456 607 3508 et
631 3446 654 3506 V
677 3448 809 3508 codicem
835 3449 1042 3510 Monacensem
1063 3428 1086 3511 Β
1109 3450 1229 3510 fluxisse
1254 3469 1333 3511 nrrnc

187 3558 349 3618 ostendam.
382 3557 478 3634 Atque
497 3555 589 3615 libros
611 3554 710 3614 l.—V.
730 3573 766 3614 ex
786 3555 808 3613 V
827 3556 993 3636 descriptos
1013 3575 1078 3617 csse
1098 3557 1170 3617 mibi
1189 3561 1334 3638 persuasi,

187 3683 255 3724 cum
285 3664 517 3742 fragmentorum
542 3661 740 3722 Iuliaucorum
767 3665 942 3744 scripturae,
971 3683 1044 3743 quas
1069 3663 1091 3724 Β
1120 3664 1256 3745 praebet,
1285 3664 1333 3724 ad·

188 3781 335 3850 rrotarem3
359 3787 433 3848 quas
456 3769 518 3828 fere
541 3787 659 3848 semper
682 3769 800 3830 easdem
825 3789 890 3831 esse
914 3780 1002 3850 atque
1027 3772 1139 3831 codicis
1158 3769 1181 3827 V
1205 3771 1332 3836 animad

188 3880 271 3937 verti.
309 3875 439 3956 Accedit,
459 3876 541 3955 quod
564 3875 683 3935 caedem
707 3875 828 3936 lacunae
852 3879 883 3937 in
906 3887 1033 3956 utroque
1053 3878 1155 3937 codice
1179 3879 1332 3944 inveniun·

188 3993 245 4063 tur,
264 4003 292 4062 p.
309 3979 359 4042 91)
376 3980 520 4042 1-100
535 3981 569 4065 2,
588 4001 616 4062 p.
633 3980 899 4044 raca-labe
917 3984 990 4045 Aub.
1000 3979 1024 4067 ¹)
1056 3983 1215 4044 Librorum
1234 3992 1333 4044 autem

210 4232 212 4236 ’
260 4247 286 4314 1)
305 4243 398 4298 Etiam
413 4262 440 4312 p.
455 4244 516 4297 820
531 4241 662 4297 6-83Β
677 4249 694 4294 4
708 4241 737 4295 in
752 4242 848 4296 codice
864 4243 884 4294 B
899 4258 955 4296 non
969 4243 1159 4311 inveniuntur3
1179 4261 1251 4313 quae
1266 4235 1333 4312 quin

185 4350 220 4386 ne
244 4333 317 4386 inV
346 4333 459 4402 quidem
483 4335 607 4400 exstent,
635 4331 782 4384 dubitandi
806 4347 891 4384 causa
913 4347 968 4384 non
994 4335 1050 4398 est,
1074 4349 1243 4400 quamquam
1267 4333 1295 4388 h.
1314 4333 1332 4384 l.

185 4420 311 4476 codicem
329 4421 468 4475 Venetam
487 4437 541 4474 non
561 4421 679 4488 inspexi.

241 4520 347 4580 Iulianus
361 4520 397 4560 ed.
411 4521 537 4562 Ncumann.
1087 4515 1118 4562 10
