3194 4904
546 311 586 367 De
605 309 707 366 Iuliani
725 310 860 368 librorum
878 311 952 367 fetis.
1280 311 1321 378 67

131 541 132 544 ,
172 477 370 557 ἐγκλήματος
385 476 649 556 ἀπαλλάττεςθαι,
670 477 720 542 καί
739 482 807 542 τοῖς
826 478 979 544 αἰτιᾶςθαι
994 479 1161 556 μέλλουςιν
1177 494 1323 558 προαπο-

172 581 312 669 νέμεινῑ)
336 583 393 647 τὰς
417 583 588 663 θεραπείας
611 586 662 648 καί
685 584 786 664 πὰςης
810 585 911 650 αἰτίας
931 582 1245 673 προαπονίψαςθαιί)
1268 587 1321 666 siu·
1397 629 1403 637 -

173 711 247 770 πον,
271 691 345 769 πρὶν
364 690 404 756 ἂν
422 692 568 771 πέςωμεν
588 691 631 755 είς
650 692 707 755 τὰς
726 693 798 770 περὶ
816 693 942 757 τούτων
960 691 1103 756 κολάςεις
1121 693 1173 756 καὶ
1196 692 1320 772 εἰςπρα-

172 800 301 876 χθῶμεν
323 798 379 861 τὰς
403 797 491 862 δίκας
514 799 602 877 παρὰ
624 803 682 862 τοῦ
706 798 828 863 δικαίου
852 798 1026 878 κρίνοντος.

733 977 761 1041 8.

262 1103 307 1164 Ex
321 1103 424 1165 Leont.
444 1113 473 1164 et
488 1103 587 1165 locun.
603 1123 629 1184 p.
647 1101 719 1165 103.
752 1099 801 1166 Ἐκ
819 1106 877 1165 τοῦ
898 1097 937 1182 ιβ’
956 1105 1022 1166 τῶν
1041 1103 1121 1166 κατὰ
1139 1101 1321 1170 Ἰουλιανοῦ.

261 1206 408 1286 Ἄριςτον
431 1208 481 1279 καὶ
501 1209 604 1287 ςοφδν
624 1205 705 1272 είναί
729 1227 781 1286 μοι
800 1213 889 1273 δοκεῖ
906 1213 965 1273 τοῦ
989 1213 1100 1288 καιροῦ
1123 1215 1182 1273 rou
1205 1213 1321 1292 προςή-

170 1333 288 1394 κοντος
313 1316 352 1393 μη
376 1313 620 1394 ἀφαμαρτάνειν
642 1314 829 1393 πράγμαςιν.

737 1493 766 1557 9.

262 1619 306 1680 En
320 1619 422 1682 Leoni.
442 1630 473 1681 et
486 1620 585 1682 locun.
599 1640 628 1699 p.
646 1617 717 1682 102.
751 1615 800 1681 Ἐκ
818 1621 877 1682 τοῦ
897 1612 935 1697 ιβ’
954 1619 1022 1680 τῶν
1040 1617 1120 1681 κατὰ
1140 1616 1321 1686 Ἰουλιανοῦ.

263 1707 341 1803 ΟὐχΙ
354 1723 465 1789 ἁπλῶς
488 1723 507 1788 ὁ
527 1723 732 1804 ἀγωνοθέτης
755 1729 823 1789 τοῖς
842 1725 984 1790 έθέλουςι
1007 1727 1074 1789 τῶν
1096 1723 1244 1805 ἀθλητῶν
1266 1727 1323 1791 τὰς

171 1828 353 1908 ἐξαιρέτους
386 1831 545 1910 χαρίζεται
573 1831 676 1910 τιμὰς,
709 1829 878 1907 ἀναλόγως
906 1832 941 1894 δὲ
973 1833 1096 1909 μᾶλλον
1124 1829 1225 1918 τοῑςί)
1257 1837 1323 1899 τῶν

143 1927 146 1932 ’
171 1935 361 2002 ἀθλούντων
385 1933 633 2023 εὐδοκιμήςαειί)
657 1938 797 2016 διανέμει
819 1936 859 2000 τὰ
881 1937 969 2014 γέρα.

721 2115 771 2179 10,

261 2241 304 2302 Ex
329 2242 432 2304 Leont.
457 2252 486 2303 et
510 2243 609 2304 loann.
632 2263 660 2322 p.
678 2240 750 2305 102.
784 2238 833 2304 Ἐκ
855 2243 914 2314 ,τοῦ
938 2238 1047 2303 αὐτοῦ.
1182 2319 1183 2324 ¹

262 2345 307 2410 Τὸ
330 2348 438 2427 νέμειν
460 2345 512 2411 ίςα
535 2351 603 2411 τοῖς
627 2345 744 2410 ἀνίςοις
767 2351 823 2425 τῆς
848 2346 991 2424 μεγίςτης
1014 2345 1098 2410 έςτὶν
1122 2343 1251 2412 ἀδικίας.

263 2455 323 2516 Cur
345 2459 386 2516 ita
410 2456 608 2536 disposuerim
631 2457 796 2535 fragmenta
816 2453 844 2517 7.
864 2453 892 2516 8.
914 2451 942 2514 9.
964 2452 1013 2515 10.
1043 2474 1079 2516 ex
1102 2457 1138 2516 iis
1162 2457 1325 2542 apparebit,

173 2564 298 2642 quaein
318 2565 413 2643 cupite
437 2562 530 2623 aliero
553 2561 710 2644 disputabo
734 2563 769 2622 de
790 2561 893 2623 Iuliani
917 2565 1074 2623 sententiis
1093 2582 1128 2623 ex
1148 2563 1323 2626 duodecimo

173 2667 274 2747 Cyrilli
297 2667 373 2728 libro
397 2669 571 2730 efficiendis

710 2747 773 2873 ¹ll.

261 2936 364 3018 Mensi,
378 2954 451 2998 sacr.
467 2934 571 2996 concil.
592 2953 667 2996 nova
681 2934 745 2996 coll.
760 2934 800 2995 xl
814 2955 842 3015 p.
857 2932 953 2996 4091]
964 2953 1027 3014 sqq.
1057 2930 1122 2998 Ἔτι
1137 2933 1321 3017 ἀνεγνώςθη

172 3040 207 3104 ἐκ
230 3044 289 3104 τοῦ
313 3041 413 3104 αὐτοῦ
436 3037 617 3124 κωδικίουῧ)
647 3044 754 3119 χρῆςις
777 3042 835 3102 τοῦ
863 3037 963 3102 αὐτοῦ
991 3038 1084 3115 ἁγίου
1109 3041 1264 3120 Κυρίλλου
1288 3043 1323 3107 ἐκ

171 3151 229 3211 τοῦ
249 3148 329 3211 κατὰ
342 3151 408 3211 τῶν
423 3145 597 3212 Ἰουλιανοῦ
612 3145 782 3232 δογμάτων
803 3145 923 3225 βιβλίου
937 3145 1045 3224 τρίτου
1060 3143 1126 3210 ἀπὸ
1141 3146 1242 3224 λόγου
1260 3152 1321 3212 δω-

172 3238 317 3332 δεκάτου,
336 3252 375 3317 οὗ
394 3255 413 3334 ἡ
434 3252 515 3334 ἀρχή
535 3251 693 3331 ’πειρᾶται
712 3251 803 3332 μὲνὸ
824 3249 863 3315 δι’
884 3248 1052 3330 ἐναντίαθ,
1071 3249 1188 3329 ἔχουςα
1206 3253 1322 3318 οὕτως·

291 3465 495 3531 προαπονέμειν
514 3461 620 3533 scripsi.
638 3463 857 3530 προςάπονέμειν
876 3463 937 3534 (sic)
956 3447 1089 3531 Lequien.

289 3545 532 3622 προαπονίφαςθαι
551 3553 657 3623 scripsi.
675 3553 931 3620 προςάπονίψαςθαι
951 3551 1012 3621 (sic)
1030 3551 1163 3620 Lequien.

289 3648 348 3696 τοῖς
366 3642 471 3712 scripsi.
489 3649 550 3697 ταῖς
568 3642 666 3698 Maius.

246 3819 274 3886 δ)
293 3813 385 3874 Msnsi
403 3820 442 3874 XI
461 3838 488 3889 p.
509 3819 593 3873 392E
613 3836 671 3887 sqq.
702 3822 746 3873 καί
771 3820 902 3886 conopon
925 3820 941 3872 ὁ
964 3818 1174 3884 θεοςεβέςτατος
1197 3821 1325 3875 διάκονος
1369 3819 1371 3824 ’

172 3909 216 3960 καί
229 3909 361 3975 νοτάριος
373 3914 425 3962 τοθ
441 3910 528 3963 αὐτοῦ
544 3891 709 3974 δγιωτάτου
718 3911 929 3976 ἀρχιεπιςκόπου
945 3909 1153 3962 Κωνςταντίνου
1167 3910 1276 3963 πόλεως
1287 3911 1321 3963 τὸ

172 3997 317 4064 εἰρημένον
336 4003 394 4052 τῶν
413 3998 537 4066 χρὴςεων
557 3997 686 4055 κωδίκιον
705 3998 829 4082 κίνέγνωἰ
851 3999 915 4064 ἔχον
940 3993 969 4051 έν
988 4003 1139 4070 προγραφῇ
1160 3997 1204 4050 ἐπὶ
1222 3998 1323 4054 λέξεων

173 4088 276 4140 οὕτως·
295 4088 402 4155 χρήςεις
416 4087 504 4152 ἁγίων
519 4090 563 4141 καί
578 4087 711 4154 ἐκκρίτων
725 4087 855 4153 πατέρων
868 4087 1035 4153 παριςτώςαι
1055 4086 1118 4154 (sici
1138 4084 1226 4140 scribe
1244 4103 1323 4154 παρι-

173 4177 275 4245 ςτᾶςαι)
295 4177 346 4230 δύο
365 4177 506 4244 θελήματα
525 4178 568 4230 καί
588 4177 639 4230 δύο
659 4175 797 4242 ἐνεργείας
817 4175 860 4228 έπί
878 4181 929 4229 τοθ
949 4174 1046 4241 κυρίου
1066 4177 1110 4228 καὶ
1125 4179 1190 4228 θεαθ
1210 4177 1255 4228 καί
1275 4191 1323 4229 εω-

172 4268 259 4332 τήρος
271 4268 352 4332 ἡμῶν
369 4267 452 4334 Ἰηςοθ
464 4267 587 4332 Χριςταθ.
616 4264 776 4334 Sequuntur
789 4265 875 4320 verba
889 4265 1055 4335 deprompta
1070 4282 1104 4319 ex
1117 4262 1218 4318 Leonis
1232 4281 1323 4333 pupae

173 4352 307 4422 Romani,
331 4353 486 4424 Ambrosii,
513 4353 625 4408 loannis
644 4353 846 4424 chrysostomi,
869 4345 1001 4422 oliorum,
1025 4350 1123 4422 Cyrilli
1141 4351 1323 4407 Alexandrini

174 4441 293 4512 scriptis.

1072 4528 1109 4582 ὁ*
