3192 4906
576 266 617 320 De
637 263 738 318 iuliani
756 261 891 320 librorum
909 264 984 320 fatis.
1311 267 1352 330 89

203 437 295 514 igitur
319 433 424 494 luliani
447 440 555 492 neutro
578 431 644 491 loco
668 433 802 492 meminit
826 451 859 492 ac
883 451 920 493 ne
940 451 975 492 eo
995 433 1125 513 quidem,
1144 452 1203 512 quo
1228 435 1353 494 sortasse

175 533 177 536 ¹
204 541 373 603 censendus
397 549 443 602 est
465 540 676 618 perstrinxisse
702 537 861 600 lulianum:
891 557 958 599 nam
982 538 1049 600 libri
1068 539 1117 600 lll.
1140 537 1354 621 pstulat}

204 649 240 709 de
261 648 368 708 Satara
387 647 481 723 δηλοῖ
504 643 553 719 δὲ,
577 646 686 724 inquit,
709 641 853 721 τοῦνομα
870 644 938 707 τὸν
956 641 1178 723 ἀποετάτην
1197 645 1276 708 κατὰ
1295 646 1353 723 τὴν

201 752 357 832 Ἑβραίων
376 752 499 830 φωνήν.
536 752 627 813 καλεῖ
646 750 681 814 δὲ
702 749 802 814 αὐτὸν
821 747 876 833 (sc.
895 751 934 814 τὰ
953 755 1024 815 θεῖα
1043 747 1151 834 λόγια)
1175 751 1226 814 καὶ
1245 750 1352 830 διάβο·

205 863 272 923 λον.
307 860 422 931 Quibus
436 859 535 920 verbis
549 858 755 920 Theodoretus
770 861 895 920 fortasse
916 861 1081 939 significare
1101 859 1193 920 voluit
1207 859 1353 920 lulianum

204 976 368 1048 apostatam
388 969 484 1046 ipsum
500 985 565 1028 esse
581 965 738 1026 diabolum.
768 966 826 1026 Sed
845 985 882 1026 ne
901 966 957 1026 hoc
972 966 1091 1045 quidem
1111 967 1176 1026 loco
1191 966 1228 1026 de
1247 965 1354 1025 libris

205 1079 303 1156 agitur
327 1081 485 1155 apostatae.
522 1072 587 1133 llue
611 1072 738 1153 accedit,
766 1072 846 1151 quod
874 1075 937 1151 ipse
961 1073 1168 1134 Theodoretus
1196 1075 1225 1131 in
1254 1073 1354 1151 operis

204 1185 253 1244 sui
275 1181 398 1262 prologo
422 1200 449 1260 p.
467 1178 559 1259 lsqq.
583 1180 740 1259 profitetur
764 1198 935 1260 aggressum
960 1199 991 1240 sc
1015 1199 1081 1241 esse
1106 1179 1238 1241 seribere
1261 1177 1353 1238 libros

205 1285 315 1367 quibus
334 1295 453 1348 curaret
468 1287 648 1346 Graecorum
668 1287 848 1367 allectioncS,
868 1305 935 1347 curn
954 1266 1169 1366 saepenumero
1189 1286 1354 1365 accidisset,

206 1405 238 1456 ut
261 1397 367 1475 pagani
391 1411 492 1454 secum
517 1395 669 1472 congressi
692 1392 863 1454 deriderent
886 1392 974 1454 tidem
993 1392 1199 1475 Christianam,
1222 1404 1354 1472 agrestes

150 1525 152 1529 ’
200 1502 390 1580 incultosquc
413 1503 505 1562 luisse
526 1501 660 1561 dicerent
679 1500 846 1580 apostolos,
861 1502 1065 1580 vituperarent
1087 1510 1258 1562 sanctorum
1278 1519 1353 1560 mar-

199 1618 300 1689 tyrum
315 1608 429 1669 cultum
448 1608 563 1686 aliaque
578 1605 737 1668 eiusmodi
753 1606 913 1668 adicerent.
951 1607 1027 1678 Quid
1048 1617 1146 1668 autem
1167 1609 1224 1669 luit
1238 1626 1355 1688 causae,

202 1734 257 1777 cur
280 1715 483 1776 dissimularet
505 1716 748 1794 impugnatorum
772 1731 837 1773 sese
862 1732 926 1773 esse
946 1713 1101 1794 lulianum,
1125 1717 1150 1774 si
1173 1716 1204 1775 id
1230 1735 1261 1776 re
1286 1734 1354 1776 vera

200 1821 257 1883 sibi
282 1817 502 1900 proposuerat?
534 1820 595 1881 Cur
618 1819 710 1880 libros
737 1838 807 1880 suos
834 1821 874 1879 ita
898 1821 1059 1901 inscripsit,
1082 1830 1115 1881 ut
1134 1821 1264 1883 divinare
1287 1832 1354 1883 ante

201 1929 380 1990 Carnerium
404 1945 491 1988 nemo
514 1934 616 2007 posset
639 1929 704 1986 eius
728 1923 907 1986 consilium?
944 1925 1004 1986 Cur
1023 1945 1075 1986 eos
1093 1929 1133 1987 ita
1156 1929 1296 2008 instituit,
1322 1937 1354 1989 ut

201 2044 357 2096 accusaret
380 2037 479 2114 potius
503 2052 641 2115 paganoS,
665 2034 744 2112 quod
765 2033 834 2093 laisa
854 2032 890 2093 de
910 2033 965 2093 deo
989 2035 1144 2113 sentirent,
1165 2052 1254 2112 quiam
1275 2035 1352 2094 relu-

201 2151 279 2203 taret
302 2149 489 2220 argumenta,
513 2139 620 2219 quibus
644 2139 687 2200 nti
710 2139 895 2200 Christianae
918 2140 1055 2219 religioni
1078 2139 1222 2201 adversati
1247 2139 1355 2202 crant?

202 2249 263 2310 Cur
288 2249 402 2309 studuit
425 2247 584 2308 ostendere
613 2249 700 2307 etiam
729 2247 973 2327 philosophorum
997 2247 1177 2308 Graecorum
1202 2249 1355 2330 quosdam,

200 2359 338 2436 inprimis
361 2355 528 2429 Platonem,
552 2355 654 2415 eadem
684 2355 746 2415 lare
771 2354 807 2414 de
836 2353 927 2415 rebus
955 2355 1062 2415 divinis
1086 2357 1239 2417 censuisse
1265 2365 1354 2436 atquc

202 2463 387 2524 Christianos
411 2471 441 2524 et
464 2464 503 2522 ita
527 2480 648 2522 revera
672 2462 770 2522 elieeit
790 2458 996 2538 εὐαγγελικῆε
1019 2457 1169 2538 ἀληθεία(
1193 2460 1225 2526 ἐξ
1244 2460 1352 2540 Ἑλλη-

202 2565 696 2646 νικῆεφιλοεοφίαεἑπίγνωανῖ
720 2569 797 2640 Qarid
808 2569 935 2647 denique
947 2568 1003 2629 sihi
1015 2569 1114 2650 voluit,
1125 2569 1354 2650 cumpiiisqq.

203 2677 487 2756 adversariossuos,
511 2677 561 2755 qui
585 2685 729 2754 negarent
748 2675 876 2736 Graecos
900 2675 991 2737 multa
1011 2695 1027 2736 a
1045 2675 1180 2736 barbaris
1205 2687 1354 2738 mutuatos
1390 2725 1397 2738 .

206 2802 282 2864 csse,
305 2785 344 2844 ita
368 2783 459 2843 rudes
482 2801 548 2842 esse
567 2782 693 2863 diceret,
717 2792 750 2843 ut
775 2801 811 2843 nc
835 2793 957 2862 possent
977 2783 1097 2862 quidem
1120 2802 1154 2844 ea
1174 2784 1354 2845 Graecorum

204 2891 315 2968 scripta
334 2889 443 2969 legere,
462 2887 570 2967 quibus
590 2887 710 2949 meliora
726 2885 927 2949 docerentur?
951 2885 983 2949 Εἰ
999 2887 1042 2961 δὲ,
1057 2891 1154 2968 inquit
1168 2910 1196 2969 p.
1214 2889 1357 2970 18‚11u
1375 2885 1379 2893 “

200 2994 252 3058 καὶ
275 2993 332 3056 τὰε
355 2993 471 3071 τέχνα(
495 2992 546 3055 καὶ
568 2992 625 3055 τὰ(
648 2993 819 3070 ἐπιετήμαε
843 2993 894 3057 καὶ
916 2995 983 3055 τῶν
1002 2991 1165 3069 δαιμόνων
1187 2994 1245 3057 τὰε
1267 2998 1355 3059 τελε-

199 3101 257 3163 τὰε
281 3100 332 3163 καὶ
354 3099 395 3163 τὰ
417 3103 529 3177 πρῶτα
548 3103 688 3176 ετοιχεῑα
707 3099 794 3176 παρὰ
819 3096 988 3177 βαρβάρων
1011 3097 1223 3176 ἐδιδάχθηεαν
1241 3100 1353 3179 Ἕλλη-

201 3226 255 3270 νετ
283 3207 334 3269 καὶ
362 3206 415 3270 ἐπὶ
441 3210 510 3270 τοῖε
545 3204 745 3269 διδαεκάλοιε
772 3205 1016 3285 ἐναβρύνονται,
1051 3204 1080 3268 τί
1114 3205 1233 3285 δήποτε
1266 3207 1355 3286 ὑμεῖε

201 3311 285 3377 οὐδὲ,
303 3314 440 3377 εονιέναι
463 3312 504 3375 τὰ
527 3309 584 3374 ὑπ’
608 3311 741 3375 ἐκείνων
764 3312 1025 3389 ευγγεγραμμὲνα
1044 3311 1216 3390 δυνάμενοι
1239 3334 1353 3393 παραι-

200 3424 303 3484 τεῖεθε
328 3423 440 3497 μαθεῖν
462 3409 521 3498 τὴν
540 3417 692 3497 ἀλήθειαν
712 3417 772 3483 κτὲ.
809 3417 1050 3500 Etp.16,lG:
1074 3417 1104 3482 οί
1124 3419 1158 3482 δὲ
1178 3417 1273 3496 ὀλίγα
1297 3423 1354 3500 μὲν

202 3527 290 3605 παρὰ
309 3530 460 3605 ποιητῶν,
484 3525 578 3602 ὀλίγα
597 3527 632 3590 δὲ
653 3525 739 3603 παρὰ
758 3523 905 3604 ῥητόρων
924 3523 1152 3605 ἐρανιεάμενοι,
1175 3529 1242 3590 τῶν
1261 3529 1296 3592 δέ
1317 3549 1354 3605 γε

201 3632 394 3713 φιλοεόφων
408 3632 484 3696 οὐδὲ
501 3631 598 3696 αὐτὰ(
613 3632 670 3695 τὰ(
684 3631 898 3710 προεηγορίαε
918 3630 1142 3714 μεμαθηκότεε,
1161 3634 1247 3711 πλὴν
1262 3637 1355 3699 δυοῖν

200 3741 219 3818 ἢ
244 3741 341 3817 τριῶν
363 3741 430 3802 τῶν
454 3740 628 3817 ἐπιεήμων,
658 3737 819 3818 βάρβαρον
842 3740 900 3817 μὲν
928 3740 986 3818 τὴν
1009 3738 1099 3803 θείαν
1127 3742 1256 3818 γραφὴν
1279 3739 1358 3818 ὀνο-γ

202 3845 345 3926 μὰζουα,
376 3849 489 3924 μαθεῖν
512 3846 547 3909 δὲ
571 3843 706 3923 τάληθὲε
729 3845 817 3923 παρὰ
840 3845 956 3923 ταύτηε
979 3845 1110 3924 αἰεχρὸν
1133 3846 1354 3926 ὑπειλήφααν.

200 3955 234 4018 ἐξ
258 3949 423 4033 devotae)
447 3953 482 4016 δὲ
501 3952 616 4016 aaron
639 3952 676 4015 τὸ
700 3958 756 4030 τῆ(
780 3950 929 4030 ἀληθεία(
953 3952 1128 4027 ἐπιγίνεται
1151 3952 1288 4032 πάθημα.
1327 3955 1354 4019 εἰ

198 4058 263 4136 γὰρ
286 4059 343 4122 τὰ(
365 4058 547 4138 Ἑλληνικὰ(
570 4057 805 4136 ἀνεγνώκειεαν
828 4057 978 4137 ἱετορίαε,
1003 4057 1149 4135 ἕγνωεαν
1172 4057 1212 4123 ἂν
1236 4062 1354 4140 δήπου·

200 4172 272 4243 θεν,
305 4164 349 4228 ὼε
379 4165 431 4228 καὶ
460 4165 516 4229 τὰ(
545 4169 735 4244 περιφανεῖ(
763 4165 932 4244 ἐπιετήμαε
960 4166 1010 4228 καὶ
1042 4169 1108 4230 τῶν
1144 4171 1269 4245 τεχνῶν
1297 4167 1354 4231 τὰ(

277 4395 303 4462 1)
321 4393 366 4448 ιιι
384 4393 559 4450 scribendum
579 4409 638 4450 esse
659 4411 765 4450 censeo.
795 4367 975 4465 cassinatus
987 4392 1101 4448 exhibes
1119 4377 1222 4448 averae.
