3194 4904
596 314 637 368 De
656 312 757 368 Iuliani
775 312 910 368 librorum
928 314 1002 368 latis.
1333 313 1372 375 11

227 477 369 540 libros?
405 480 483 540 Num
503 482 590 540 etiam
610 488 733 540 censent
757 477 830 555 δίχα
852 483 908 557 τῆ(
927 482 992 542 τῶν
1015 478 1112 556 ἱερῶν
1136 477 1244 555 λόγων
1263 499 1378 557 μαρτυ-

228 582 296 661 ρία(
323 585 418 645 refelli
446 587 578 665 potuisse
603 584 707 646 luliani
736 589 765 646 in
791 585 975 647 Christianos
1003 589 1221 668 accusationes,
1252 605 1377 666 quarum

227 692 378 771 plerisque
392 691 636 772 vituperabantur
651 711 751 753 sacrae
767 695 932 772 scripturae
948 690 1121 754 enuntiata?
1149 693 1252 773 Neque
1267 701 1378 772 tempo-

228 816 294 859 rum
328 801 403 858 ratio
436 799 552 859 videtur
585 817 651 859 esse
684 799 872 879 neglegenda.
914 799 971 860 Per
1005 799 1163 860 hibernum
1197 802 1275 860 enim
1302 803 1377 886 'anni

228 901 368 986 362s363
387 912 505 984 tempus
524 923 598 984 opus
613 924 700 967 suum
719 925 877 986 aggressus
897 916 942 968 est
960 909 1129 989 imperator,
1150 913 1180 968 et
1199 924 1375 986 quamquam

228 1032 253 1073 a.
271 1013 299 1073 d.
318 1011 391 1073 Vlll.
410 1011 472 1072 Kal.
491 1011 544 1072 lul.
564 1031 587 1072 a.
604 1009 668 1073 363
689 1032 861 1094 supremum
882 1013 959 1074 diem
983 1013 1064 1095 obiit,
1088 1022 1173 1074 antea
1192 1015 1249 1073 iam
1268 1012 1376 1091 legisse

229 1120 403 1181 statuendus
436 1128 482 1179 est
508 1119 684 1198 Apollinaris
717 1121 935 1181 refutationem.
981 1120 1025 1180 En
1065 1123 1167 1180 miram
1201 1118 1377 1198 Apollinaris

229 1229 454 1288 festinationem.
493 1224 584 1286 Cuius
607 1225 717 1286 librum
744 1246 777 1287 re
801 1245 869 1287 vera
898 1226 968 1306 legit
996 1228 1170 1308 imperator,
1197 1245 1265 1287 nam
1289 1244 1376 1287 causa

229 1351 288 1392 non
317 1340 362 1392 est
390 1350 444 1392 cur
471 1332 641 1393 dubitemus
669 1334 705 1394 de
739 1333 837 1412 lepido
861 1333 910 1394 illo
938 1333 1031 1414 dicto,
1059 1334 1136 1412 quod
1164 1335 1284 1412 ingenio
1312 1335 1377 1392 eius

229 1440 349 1498 minime
373 1447 526 1517 repugnat.
560 1439 758 1501 Dubitandum
783 1459 853 1500 sane
870 1448 918 1501 est
936 1440 972 1500 de
992 1442 1200 1519 episcoporum
1223 1458 1376 1519 responso.

229 1545 294 1605 Non
313 1544 379 1605 dico
404 1563 462 1605 non
483 1565 608 1607 ausuros
628 1548 719 1608 luisse
740 1550 895 1628 episcopos
914 1555 973 1609 tarn
988 1547 1177 1625 impudenter
1196 1546 1376 1626 respondere

229 1654 413 1733 imperatori;
442 1671 538 1731 neque
567 1655 597 1713 in
626 1673 659 1715 ea
687 1673 719 1714 re
744 1655 875 1736 ollendo,
904 1653 982 1734 quod
1013 1653 1194 1714 Sozomenus
1222 1656 1379 1714 memoriae

229 1753 391 1842 prodidit¹)
415 1778 469 1839 pro
488 1768 570 1821 certo
594 1761 735 1820 affirmari
759 1780 817 1821 nou
836 1779 933 1842 posse,
957 1763 1023 1840 quis
1048 1763 1250 1840 composuerit
1268 1763 1378 1840 epistu-

229 1866 299 1946 lam3
322 1868 353 1926 in
373 1884 430 1945 qua
449 1885 486 1927 ne
508 1869 606 1945 potuit
624 1867 744 1947 quidem
764 1870 894 1928 auctoris
913 1886 1020 1929 nomen
1040 1869 1153 1948 afferri,
1177 1885 1244 1928 cum
1269 1869 1379 1947 scripta

230 1991 295 2033 esse
318 1973 474 2033 statuenda
493 1982 572 2033 esset
591 1973 752 2034 multorum
772 1977 980 2054 episcoporum
1005 1975 1132 2033 nomine.
1171 1972 1379 2034 Gravissimam

230 2089 328 2141 autem
356 2089 454 2140 movet
485 2080 713 2162 dubitationem,
742 2081 820 2159 quod
854 2080 906 2142 ubi
933 2080 969 2140 de
999 2080 1103 2140 luliani
1132 2079 1257 2159 epistula
1289 2079 1379 2141 verba

230 2188 300 2247 lacit
323 2187 517 2268 Summanus,
541 2188 691 2249 indicativi
713 2189 807 2249 forma
830 2190 926 2249 utitur
949 2183 982 2266 (b
1007 2186 1150 2265 βαειλεὺ(
1176 2221 1214 2230 -
1240 2185 1378 2250 ἐπέετει-

231 2288 314 2374 λεν);
344 2296 552 2374 episcoporum
576 2305 678 2356 autem
703 2297 838 2356 meminit
860 2297 997 2375 responsi
1020 2297 1187 2356 accusativo
1211 2313 1284 2356 usus
1309 2314 1377 2356 con-

230 2404 330 2462 iuncto
359 2419 427 2464 cum
455 2402 599 2462 infinitivo
629 2395 720 2482 (rodo
744 2401 778 2462 δὲ
808 2399 888 2477 πρὸ(
911 2403 1012 2463 ταῦτα
1040 2394 1257 2485 ἀντιγράψαι).
1299 2401 1378 2480 Ergo

229 2511 292 2588 ipse
311 2510 424 2568 veritus
444 2516 489 2568 est
513 2526 549 2568 ne
569 2515 682 2569 temere
701 2511 910 2588 pronuntiaret
933 2508 969 2568 de
993 2527 1026 2568 re
1048 2527 1090 2590 ea,
1114 2509 1150 2569 de
1170 2527 1226 2589 qua
1247 2528 1283 2569 ne
1308 2518 1379 2570 tunc

231 2614 350 2693 quidem
374 2617 444 2674 satis
469 2621 626 2675 constaret.
668 2616 729 2675 lam
751 2634 821 2675 vero
841 2617 989 2676 exstitisse
1009 2633 1044 2674 eo
1068 2623 1202 2695 tempore
1226 2618 1378 2696 episcopo-

230 2740 297 2782 rum
316 2721 470 2802 epistulam
490 2722 575 2800 plane
594 2731 716 2801 apparet
735 2740 770 2782 ex
791 2721 946 2782 Sozomeni
966 2721 1078 2782 verbis:
1101 2717 1176 2782 ἀλλ’
1196 2717 1260 2782 εἴτε
1279 2719 1378 2783 αὐτοῦ

231 2825 295 2890 εἴτε
319 2824 420 2890 ἄλλου
443 2825 544 2891 ταῦτά
569 2827 665 2905 ἐςτιν,
693 2824 825 2903 ἄγαεθαι
850 2825 971 2891 δίκαιον
991 2807 1147 2904 Ιἀνδρείοις
1175 2827 1226 2890 καὶ
1249 2826 1379 2889 παιδεύ-

231 2953 309 2998 ceute
327 2934 386 2998 τὸν
404 2933 583 3013 γράψαντα.
621 2935 724 3015 Neque
743 2938 822 2996 enim
841 2939 938 3016 potuit
955 2936 1075 2996 laudare
1095 2934 1302 3014 eruditionem,
1322 2937 1379 2996 nisi

231 3051 281 3104 aut
304 3043 367 3123 ipse
391 3043 503 3123 legerat
526 3061 589 3104 eam
612 3049 663 3103 aut
686 3044 820 3122 isquam
844 3050 995 3103 auctorem
1020 3042 1075 3102 boc
1099 3043 1163 3101 loco
1183 3050 1304 3102 secutus
1323 3050 1377 3102 est.

232 3150 312 3221 Quae
332 3168 400 3211 cum
424 3152 464 3210 ita
488 3151 556 3231 sint,
579 3151 693 3210 conicio
713 3150 915 3228 composuisse
939 3156 1042 3227 postea
1061 3149 1216 3226 episcopos
1236 3147 1377 3226 quosdam

232 3257 387 3336 epistulam
410 3265 440 3316 et
463 3257 582 3316 finxisse
606 3273 640 3316 ea
663 3273 696 3314 re
721 3273 789 3315 vera
813 3274 845 3315 se
873 3256 1045 3334 imperatori
1069 3254 1271 3336 respondisse,
1302 3273 1377 3334 quae
1468 3278 1472 3287 ¹

233 3367 258 3425 si
271 3363 504 3444 respondissent,
518 3380 641 3423 suorum
655 3360 859 3442 proculdubio
874 3360 1004 3422 babituri
1014 3361 1136 3421 luerunt
1148 3359 1379 3421 admirationem.

320 3472 423 3551 Neque
447 3489 517 3530 vero
541 3477 653 3530 temere
682 3487 737 3529 nos
767 3486 890 3548 negasse
913 3468 1019 3528 Iuliani
1045 3466 1136 3527 libros
1160 3468 1378 3546 impugnavisse
1407 3445 1414 3561 l

233 3579 429 3658 Apollinarem
449 3579 537 3638 etiam
557 3577 648 3653 magis
667 3576 829 3657 apparebit,
848 3578 873 3636 si
896 3577 1129 3656 spectaverimus
1148 3593 1205 3654 qua
1223 3577 1377 3635 occasione

232 3685 299 3745 libri
323 3686 375 3763 qni
399 3702 452 3762 pro
476 3685 599 3743 veritate
623 3682 841 3744 inscribebatur
863 3684 1044 3744 mentionem
1064 3683 1169 3742 lecerit
1188 3681 1378 3742 Sozomenus.

232 3792 408 3852 Narraverat
430 3798 529 3849 autem
552 3788 790 3849 duodevicesimo
815 3791 910 3868 quinti
934 3787 1001 3848 libri
1025 3790 1119 3866 capite
1142 3787 1379 3849 Christianorum

233 3917 293 3980 eos,
317 3899 367 3976 qui
386 3895 507 3957 Graecis
529 3897 637 3957 litteris
660 3914 848 3976 summopere
872 3895 1036 3976 studerent,
1059 3897 1230 3974 gravissime
1254 3895 1379 3956 alllictos

233 4021 299 4064 csse
321 4001 425 4063 loliani
448 4001 513 4081 lege
535 3996 573 4086 (a.
593 4003 619 4063 d.
638 4002 698 4063 XV.
716 4002 778 4064 Kal.
797 4002 850 4062 lul.
870 4021 893 4062 a.
913 3999 978 4063 362
997 3997 1086 4083 data),
1109 4021 1146 4062 ne
1168 4001 1273 4062 liceret
1296 4001 1378 4063 Chri·

234 4112 336 4171 stianis
365 4109 491 4169 Graecas
520 4109 634 4171 litteras
662 4112 792 4191 edoceri3
828 4128 953 4190 quarum
981 4125 1016 4170 eo
1049 4118 1182 4190 tempore
1215 4111 1293 4169 inter
1324 4107 1379 4167 bos

235 4227 295 4232 —
300 4226 448 4235 ...--—..----

306 4269 331 4334 1)
350 4267 424 4320 Ecol.
444 4267 508 4320 hist.
528 4265 553 4320 V
573 4272 606 4321 18
625 4265 664 4335 (11
682 4284 708 4336 p.
729 4270 780 4320 503
801 4265 843 4321 ed.
863 4235 994 4334 Hussey)l
1028 4264 1075 4321 elci
1094 4267 1125 4318 δὲ
1144 4263 1170 4318 οἱ
1189 4261 1318 4331 Βαειλείψ
1337 4267 1378 4331 τῷ

233 4357 372 4426 προετάτῃ
392 4361 443 4422 τῆ(
463 4357 654 4410 Καππαδοκῶν
679 4354 817 4422 beniuolo<
839 4356 945 4422 ταύτην
970 4357 1023 4422 τὴν
1047 4355 1190 4420 ἐπιετολὴν
1209 4351 1373 4405 ἀνατιθέαει·

234 4446 278 4497 καὶ
296 4446 347 4498 οὐκ
365 4446 484 4499 ἀπεικός.
