3182 4914
292 353 358 418 228
613 307 1127 406 Ιοαωωνοαλνπυκευτουοα

181 533 184 549 ¹
294 520 413 601 διέλῃς,
441 519 616 596 ἥμαρτεςμλ
654 515 785 581 ἀκούςαι
813 516 872 581 οὖν
895 517 1094 596 έπιποθεῑτε,
1122 516 1206 581 τίνες
1228 516 1308 594 ἦεαν
1331 513 1440 580 αὐτῶν

161 641 217 682 Gen·
232 641 251 690 4,
266 641 279 679 ³
295 626 327 689 αἱ
349 625 544 704 πρυςφοραί;
574 627 647 689 «καὶ
678 625 810 702 ἐγένετο
834 623 907 705 μεθ)
934 625 1065 703 ἡμέρας,
1093 623 1248 703 ἀνήνεγκε
1275 623 1350 688 Κάιν
1374 621 1440 686 ἀπὸ

160 747 217 786 Gen·
231 749 251 798 4,
265 747 278 785 4
292 736 358 796 τῶν
380 735 512 810 καρπῶν
535 736 591 811 τῆς
614 737 671 811 γῆς
695 733 805 796 θυείαν
831 737 877 814 τῷ
905 731 1011 814 κυρίῳ.
1057 732 1108 794 καὶ
1130 729 1227 811 Ἄβελ
1250 731 1365 810 ἤνεγκε
1389 731 1440 793 καὶ

292 838 389 902 αὐτὸς
410 843 414 916 Ι
435 837 500 902 ἀπὸ
537 842 603 902 τῶν
635 838 852 917 πρωτοτόκων
888 843 955 909 τῶν
987 836 1159 918 προβάτων
1191 838 1243 902 καὶ
1274 836 1339 900 ἀπὸ
1372 840 1439 900 τῶν

265 945 433 1009 οετεάτων
456 945 596 1010 αὐτῶν.»
637 947 699 1024 ναὶ,
723 947 828 1025 φαςὶν,
852 945 891 1010 ού
914 946 973 1024 τὴν
992 944 1110 1023 θυείαν,
1134 943 1218 1008 ἀλλὰ
1240 946 1298 1022 τὴν
1322 938 1547 1021 διαίρε-347Β

133 1125 136 1129 ,
161 1066 216 1106 Gen·
231 1068 250 1117 4,
266 1068 277 1106 τ
292 1073 339 1116 ειν
363 1052 528 1131 ἐμέμψατο
552 1053 633 1131 πρὸς
658 1051 733 1117 Κάιν
757 1053 871 1117 εἰπών·
909 1052 989 1116 ςούκ
1008 1052 1066 1116 ἐὰν
1085 1051 1190 1130 ὀρθῶς
1216 1052 1439 1133 προςενέγκης,

292 1147 396 1237 όρθῶς
424 1160 459 1222 δὲ
488 1162 528 1237 μὴ
558 1161 677 1243 διέλῃς,
705 1161 882 1238 ἥμαρτες»
909 1164 1007 1223 τοῦτο
1030 1158 1094 1237 ἔφη
1118 1178 1165 1221 τις
1188 1159 1269 1236 πρὸς
1293 1158 1347 1235 έμέ
1372 1161 1439 1221 τῶν

292 1265 377 1330 πάνυ
401 1271 514 1344 ςοφῶν
534 1265 729 1330 ἐπιςκόπων·
767 1265 785 1328 ὁ
809 1267 845 1329 δὲ
864 1265 972 1342 ἠπάτα
991 1267 1049 1344 μὲν
1068 1265 1185 1329 ἑαυτὸν
1204 1268 1344 1342 πρῶτον,
1369 1263 1438 1328 εἶτα

290 1373 439 1437 καὶτοὺς
468 1371 596 1436 ἄλλους.
641 1375 661 1452 ἡ
692 1374 753 1452 γὰρ
782 1373 930 1452 διαίρεεις
958 1375 1081 1452 μεμπτὴ
1109 1372 1189 1436 κατὰ
1216 1371 1287 1435 τίνα
1314 1371 1438 1449 τρόπον

248 1478 338 1557 ιοῆν,
363 1461 606 1556 ἀπαιτούμενος,
630 1478 688 1543 οὐκ
712 1477 811 1558 εἶχεν,
836 1478 925 1542 ὅπως
949 1481 1102 1561 διεξέλθῃ,
1126 1479 1219 1556 οὐδὲ,
1243 1477 1332 1542 ὅπως
1356 1479 1438 1557 πρὸς

290 1585 344 1661 ἐμὲ
369 1587 632 1663 ψυχρολογήςειε.
676 1587 804 1666 βλέπων
833 1588 868 1649 δὲ
898 1586 997 1651 αὐτὸν
1025 1586 1301 1665 ἐξαπορούμενον,
1335 1586 1437 1650 ςαύτό

289 1695 422 1770 τοῦτο»,
456 1690 485 1754 εί
504 1690 508 1773 Ι
529 1713 593 1756 πον
621 1693 662 1757 «ὃ
685 1695 721 1757 ςὺ
746 1694 863 1772 λέγετε,
893 1693 913 1756 6
940 1694 1015 1757 θεὸς
1045 1692 1150 1772 ὀρθῶς
1178 1694 1352 1771 ἐμέμψατο.
1398 1693 1436 1756 τὸ

290 1799 348 1875 μὲν
380 1799 441 1877 γὰρ
474 1803 530 1877 τῆς
563 1799 738 1877 προθυμία(
770 1798 840 1862 ἴςον
872 1799 912 1877 ἦν
940 1796 999 1862 ἀπ’
1028 1796 1237 1877 ἀμφοτέρων,
1270 1798 1319 1863 ὅτι
1348 1803 1439 1878 δῶρα
1451 1789 1544 1853 3470

289 1903 454 1985 ὑπέλαβον
491 1911 604 1984 χρῆναι
636 1907 687 1969 καὶ
720 1905 827 1970 θυείαε
860 1904 1037 1984 ἀναφέρειν
1068 1904 1247 1984 ἀμφότεροι
1280 1911 1327 1990 τῷ
1362 1912 1436 1991 θεῷ.

249 2012 364 2089 ιδπερὶ
388 2013 422 2075 δὲ
447 2015 505 2090 τὴν
529 2011 679 2091 διαίρεςιν
703 2011 721 2075 6
746 2013 803 2089 μὲν
827 1997 954 2090 ἔτυχεν,
979 2011 998 2075 6
1022 2013 1057 2076 δέ
1081 2013 1200 2090 ἥμαρτε
1224 2017 1282 2076 τού
1306 2018 1437 2078 εκοπού.

288 2121 357 2180 πῶς
381 2119 432 2182 καὶ
454 2118 526 2182 τίνα
548 2117 685 2197 τρόπον;
715 2119 825 2197 ἐπειδὴ
854 2118 914 2195 γὰρ
938 2121 1004 2182 τῶν
1028 2119 1080 2182 έπὶ
1103 2124 1162 2198 γῆς
1185 2117 1292 2184 όντων
1315 2120 1355 2183 τά
1378 2121 1438 2198 μέν

288 2225 372 2288 ἐςτιν
396 2224 533 2305 ἔμψυχα,
557 2226 597 2288 τὰ
620 2226 655 2288 δὲ
679 2223 799 2303 ἄψυχα,
822 2225 991 2303 τιμιώτερα
1015 2226 1050 2288 δὲ
1069 2228 1135 2289 τῶν
1154 2223 1291 2304 ἀψύχων
1311 2225 1374 2289 ἐςτὶ
1396 2225 1437 2289 τὰ

288 2329 417 2409 ἔμψυχα
435 2337 481 2416 τῷ
504 2335 599 2397 Ζῶντι
618 2333 669 2395 καί
692 2335 775 2410 Ζωῆς
795 2329 884 2412 αἰτίῳ
904 2335 976 2414 θεῷ,
1000 2331 1079 2395 καθὸ
1094 2332 1144 2394 καί
1162 2334 1246 2410 Ζωῆε
1264 2332 1436 2410 μετείληφε

288 2437 338 2500 καὶ
363 2444 468 2517 ψυχῆς
492 2437 726 2516 οἰκειότερα-
754 2437 806 2500 διὰ
828 2440 925 2500 τούτο
948 2441 994 2521 τῷ
1017 2436 1144 2501 τελείαν
1163 2437 1358 2516 προεάγοντι
1381 2445 1435 2503 θυ·

244 2543 358 2607 θυείαν
381 2543 400 2607 6
424 2546 498 2609 θεὸς
521 2544 758 2624 ἐπηυφράνθη.»
778 2547 783 2620 Ι
1491 2533 1494 2542 ’

378 2653 456 2716 Νυνὶ
479 2653 515 2715 δὲ
538 2652 785 2737 ἐπαναληπτέον
808 2650 872 2715 έετί
895 2673 947 2729 μοι
971 2654 1051 2731 πρὸς
1075 2653 1204 2717 αύτούς·
1238 2651 1291 2715 διὰ
1318 2651 1348 2714 τί
1370 2652 1432 2730 γὰρ
1450 2640 1541 2705 351Ᾱ

154 2733 258 2836 ίῖιίοίί
287 2756 359 2835 οὐχὶ
383 2760 617 2838 περιτέμνεεθε;
643 2760 825 2836 «Παῦλος»,
850 2759 959 2837 φαεὶν,
988 2758 1079 2852 ςείπε
1100 2761 1273 2838 περιτομὴν
1292 2758 1431 2838 καρδίας,

356 3009 437 3058 4καλ
461 3007 527 3060 ουλε
551 3007 606 3059 ἀπὸ
631 3023 665 3059 ex
687 3006 738 3059 ἀλλ
761 3021 823 3060 corr
841 3006 870 3059 Μ
913 3007 918 3071 Ι
962 3008 1079 3073 δφαςὶν
1098 3005 1210 3074 scripsit
1239 3007 1322 3072 φηςίν
1341 3007 1370 3059 Μ
1389 3006 1433 3058 ία-

285 3077 386 3142 quito
430 3080 434 3145 Ι
476 3083 509 3131 10
532 3079 598 3146 post
620 3079 655 3143 ἦν
678 3078 814 3145 punctum
832 3077 925 3145 poso
960 3079 964 3142 Ι
1002 3077 1206 3142 ἀπαιτούμενος
1225 3077 1265 3129 M:
1299 3074 1354 3130 Sed
1371 3078 1397 3130 is
1416 3094 1434 3130 a

285 3163 338 3215 quo
360 3148 434 3202 ratio
453 3149 643 3216 petebater
677 3147 681 3216 Ι
716 3150 793 3202 ὅπως
816 3147 938 3215 διεξέλθῃ
958 3149 1000 3202 M:
1025 3165 1077 3217 quo
1096 3148 1264 3217 effuyereto
1308 3147 1312 3216 Ι
1356 3148 1434 3201 ὅπως

285 3219 350 3271 αυίο
368 3220 438 3285 πρὸς
457 3220 500 3273 Μ.
519 3220 632 3288 qundo
671 3221 675 3287 Ι
715 3224 745 3271 11
766 3219 992 3343 ψυχρολογήςειε
1008 3219 1118 3288 scripsi:
1143 3219 1344 3285 ψυχρολογήςει
1364 3220 1392 3272 Μ
1428 3219 1431 3290 Ι

285 3291 349 3357 φοοδ
368 3290 591 3358 ἐξαπορούμενον
609 3293 744 3360 punctum
763 3291 855 3359 posO
889 3290 894 3356 Ι
930 3292 992 3343 13ῑ
992 3307 1039 3344 εον
1059 3291 1087 3344 Μ
1131 3294 1135 3356 Ι
1176 3296 1208 3344 16
1226 3293 1287 3342 πῶς
1305 3291 1350 3342 καί
1369 3288 1434 3342 τίνα

284 3396 391 3461 τρόπον
414 3398 455 3450 M:
486 3395 697 3465 Quomodo?0
740 3396 744 3465 Ι
790 3403 822 3451 18
846 3400 888 3450 θῶ
908 3394 1081 3464 superscrips
1101 3398 1128 3450 M
1170 3397 1174 3465 Ι
1213 3395 1362 3462 μετείληφε
1386 3398 1432 3449 καί

284 3471 376 3533 ψυχῆς
394 3466 547 3534 οἰκειότερα
562 3470 603 3522 M:
618 3468 802 3536 ρανίιωμναω
812 3468 977 3534 habuerunt
995 3484 1029 3521 ac
1047 3469 1156 3522 animae
1169 3468 1257 3535 ωαρίυ
1274 3467 1435 3533 familiaria

283 3539 389 3592 swntO
423 3543 427 3605 Ι
463 3544 495 3593 19
516 3541 648 3592 διατοῠτο
668 3540 704 3592 Μ

356 3774 372 3821 2
405 3769 580 3834 ἀνήνεγκε
611 3772 711 3834 ἤνεγκε
735 3766 823 3836 LXX,
854 3770 902 3823 sed
930 3773 1046 3835 ἤνεγκεν
1072 3769 1147 3823 LXX
1166 3769 1231 3824 ΑΕτ
1272 3773 1277 3836 Ι
1321 3775 1337 3822 5
1362 3772 1431 3836 ναί,

284 3841 397 3905 φαείν,
423 3840 460 3891 ού
483 3842 543 3905 τὴν
562 3840 677 3893 θυείαν
696 3842 776 3894 κτὲ.ι
800 3842 957 3908 φάςκοντος
979 3842 1082 3908 ἀνδρὸς
1103 3840 1197 3908 ἁγίου,
1225 3841 1364 3908 πρόφαςιν
1388 3858 1432 3907 γε-

283 3910 374 3962 νέςθαι
392 3914 443 3962 τού
463 3913 545 3976 ευμβε
532 3912 664 3976 βεηκότος
677 3915 730 3978 τὴν
745 3911 880 3979 διαίρεςιν,
900 3913 933 3965 06
947 3911 1088 3978 προςίεται
1106 3915 1156 3977 μέν
1169 3914 1237 3965 τοὺς
1255 3913 1355 3977 λόγους
1373 3913 1431 3966 κτὲ.

284 3985 336 4034 348
351 3982 405 4033 Αθ
436 3981 440 4046 Ι
468 3984 531 4047 περὶ
544 3983 597 4047 τὴν
613 3983 740 4050 διαίρεειν
753 3986 807 4050 τὴν
821 3984 968 4038 ἀπότευξιν
986 3989 1027 4052 τῷ
1044 3984 1108 4037 Κάιν
1127 3984 1252 4048 γενέςθαι
1270 3985 1430 4051 ευμβέβηκε,

284 4051 335 4103 οὐκ
354 4053 388 4103 ἂν
414 4051 490 4115 οἶμαί
514 4069 554 4106 τις
581 4055 742 4120 διεψεύςατο
768 4055 858 4118 λέγων
878 4053 997 4108 3496ss
1042 4060 1045 4115 Ι
1090 4061 1122 4108 16
1143 4055 1259 4120 ἐπειδὴ
1278 4055 1339 4120 γὰρ
1359 4059 1430 4108 τῶν

283 4123 361 4174 κτέ.;
390 4123 485 4189 ἐπειδὴ
505 4124 572 4192 γὰρ,
591 4128 669 4192 φηεί,
689 4127 747 4189 ζωὴ
767 4128 811 4178 καί
834 4126 971 4180 Ζωοποιύς
995 4126 1010 4177 δ
1030 4126 1105 4193 θεὸς,
1131 4131 1191 4179 ταῖς
1219 4129 1277 4178 τῶν
1296 4126 1431 4191 ἐμψύχων

282 4200 475 4259 προςαγωγοάε
493 4196 671 4260 έπιγάννυται
689 4199 734 4250 καί
753 4197 815 4262 ούχί
833 4203 891 4250 τοῖς
909 4196 1027 4262 ἀψύχοις
1045 4200 1090 4250 καί
1109 4198 1164 4250 ἀπὸ
1187 4200 1239 4262 γῆς
1263 4201 1314 4249 348
1329 4195 1354 4246 Α
1370 4200 1404 4249 10
1425 4197 1429 4267 Ι

281 4270 341 4318 πῶς
364 4265 523 4333 ἀπόβλητον
547 4267 665 4321 έποιέιτο
689 4269 737 4336 (sc.
757 4267 865 4335 ὁθεὸς)
891 4269 945 4334 τὴν
971 4269 1015 4321 διά
1040 4285 1072 4332 γε
1097 4274 1148 4330 τοθ
1169 4268 1233 4321 Κάιν
1253 4267 1360 4333 θυείαν,
1387 4269 1431 4321 ὅτι

283 4338 319 4402 μὴ
344 4340 448 4402 μᾶλλον
472 4340 507 4391 δι’
530 4339 677 4405 ἐμψύχων,
701 4339 769 4394 ἀλλὰ
793 4339 838 4392 διὰ
860 4343 920 4391 τῶν
939 4339 1058 4404 ἀψύχων
1076 4341 1243 4464 ἐπράττεοτω
1268 4309 1388 4392 34913'3
1425 4339 1428 4408 Ι

282 4412 315 4459 21
337 4407 477 4463 ἰουλιανοθ
498 4411 525 4463 Μ
549 4427 598 4478 mg
616 4409 789 4464 IulianusO
827 4412 833 4476 Ι
872 4410 938 4462 Νυνί
958 4411 988 4463 δὲ
1008 4427 1063 4464 non
1082 4411 1208 4465 vertitO
1252 4411 1256 4478 Ι
1300 4409 1355 4463 ἐςτί
1373 4425 1430 4462 non

282 4478 441 4546 νειόίδΟΙ
476 4481 548 4534 διατί
563 4481 591 4534 Μ
625 4480 629 4546 Ι
664 4487 698 4534 22
718 4482 800 4549 φαςίν
819 4480 929 4549 scripsi.
949 4483 1032 4549 φηςίν
1052 4483 1080 4536 Μ
1098 4481 1236 4552 inquito.
