3192 4906
188 395 191 401 ι
268 311 332 377 112
768 313 861 386 ceput
879 314 913 371 ΙΙ.

355 480 433 561 Ergo
458 481 494 541 de
522 480 646 542 deorum
677 479 866 542 multitudine
896 460 1064 544 sermonem
1093 482 1145 544 ubi
1172 484 1207 545 ad
1236 487 1325 548 tinem
1349 506 1415 567 per·

230 632 233 637 -
267 589 360 670 duxit,
382 591 560 668 vituperavit
583 586 678 667 legem
701 587 873 671 Menalcam,
897 609 954 670 qua
979 590 1080 652 ludaei
1099 591 1189 652 stulte
1209 593 1416 672 gloriarentur.

136 683 145 694 ’
265 695 370 776 Neque
394 698 552 775 quicquam
576 697 719 756 omissum
743 713 808 756 esse
832 695 1054 759 demonstratur
1077 699 1124 759 lris
1144 699 1244 778 Cprilli
1263 721 1291 780 p.
1309 697 1417 764 tntu:

266 801 347 879 πρὸς
366 798 495 878 γὰροίς
515 799 617 865 εἰπεῖν
635 798 817 878 τετόλμηκε,
836 801 964 865 καὶτὸν
983 801 1035 865 διὰ
1053 806 1112 866 τοῦ
1131 803 1302 884 πανςόφοα
1319 806 1416 869 Μωυ-

266 909 345 973 ςέως
364 907 491 971 κακύνει
506 906 694 988 <κείμενον>
702 904 727 988 1)
745 905 855 985 νόμον.
884 910 1017 972 Primum
1036 921 1136 973 autem
1149 915 1180 974 in
1199 913 1330 975 medium
1349 933 1416 995 pro·

266 1018 325 1078 lert
349 1017 444 1097 legem
468 1012 875 1100 Mosaicamlg.152B,sqq.
912 1016 945 1078 ln
966 1037 1023 1098 qua
1042 1037 1117 1098 quae
1141 1019 1227 1082 laude
1247 1021 1333 1100 digna
1357 1023 1423 1082 sint

268 1125 358 1208 etiam
382 1103 458 1204 apud
483 1122 555 1183 alios
578 1123 703 1202 populos
726 1123 800 1203 legis
823 1126 882 1184 vim
905 1123 1024 1186 habere.
1065 1123 1107 1186 Ea
1130 1138 1228 1188 autern
1253 1145 1329 1206 qnae
1352 1129 1416 1188 eius
1464 1103 1468 1110 ’

147 1257 150 1263 ·
265 1234 325 1292 sint
352 1232 487 1312 propria,
511 1231 672 1315 ¹septimum
701 1247 849 1310 quemque
877 1231 957 1292 diem
983 1249 1050 1293 esse
1079 1233 1289 1295 celebrandum
1320 1253 1416 1313 neque

266 1339 369 1418 plures
392 1337 464 1398 deos
488 1335 638 1416 colendoS,
663 1353 788 1415 prorsus
812 1355 877 1398 esse
902 1336 1064 1399 abicienda.
1102 1339 1194 1419 Sequi
1216 1328 1418 1422 autem'indq

266 1445 345 1526 quod
365 1444 475 1524 ubique
494 1453 643 1506 terrarum
662 1443 764 1523 plures
783 1443 920 1507 colantur
938 1445 999 1527 dei,
1022 1445 1200 1507 ludaeorum
1219 1446 1266 1507 dei
1285 1455 1415 1508 autnon

265 1559 377 1613 tantam
401 1568 466 1612 esse
491 1553 563 1632 vim,
590 1560 625 1611 ut
647 1550 705 1611 coli
729 1560 779 1611 eos
807 1553 902 1630 possit
924 1551 1098 1632 prohibere,
1129 1561 1181 1624 aut
1209 1556 1328 1614 omnino
1357 1539 1417 1615 non

267 1677 334 1720 esse
357 1661 388 1720 in
412 1657 534 1719 consilio
559 1657 613 1718 soli
637 1657 694 1718 sibi
712 1657 843 1718 divinum
868 1658 1011 1719 honorem
1035 1658 1136 1720 tribui.
1173 1659 1276 1738 Atque
1290 1659 1417 1721 alterum

266 1765 321 1826 deo
345 1783 411 1825 esse
435 1765 599 1845 indignum,
623 1763 749 1825 alterum
773 1762 956 1825 Christianos
980 1767 1095 1846 opinari
1118 1773 1206 1845 atque
1225 1765 1350 1828 eosdem
1375 1767 1416 1826 ita

265 1859 431 1952 repugnare
459 1871 574 1932 divinae
602 1870 745 1931 voluntati
774 1889 834 1931 non
861 1870 1014 1953 dubitare,
1041 1880 1076 1933 ut
1103 1870 1201 1932 colant
1229 1872 1321 1933 lilium
1351 1874 1416 1933 eins

264 1978 499 2059 suppositicium.
536 1976 736 2057 Exponnntur
754 1985 853 2038 autem
876 1976 949 2038 haec
971 1971 1260 2059 igg.155C'sqq.‚²)
1282 1975 1343 2039 159
1353 1971 1416 2058 E.³)

266 2085 440 2165 Sequuntur
451 2083 551 2164 Cyrilll
566 2093 739 2163 excerptum
753 2081 878 2166 160BC‚
898 2084 1061 2164 fragmenta
1077 2083 1171 2148 1601)
1182 2103 1256 2167 sqq,
1272 2082 1415 2164 168Bsq.

266 2191 382 2262 Quibus
415 2193 573 2271 exponitur
606 2189 695 2251 deum
729 2189 912 2252 Platonicum
945 2210 981 2252 eo
1011 2193 1089 2272 quod
1122 2191 1275 2253 iracundia
1308 2201 1416 2272 careat,

264 2318 405 2378 superare
429 2300 517 2360 deum
539 2298 727 2380 ludaeorum,
751 2301 838 2360 cuins
862 2318 930 2360 cum
954 2301 1074 2360 saevitia
1098 2298 1325 2380 comparandam
1350 2315 1416 2358 esse

263 2404 404 2488 Lycurgi,
427 2405 558 2486 Solonis,
582 2405 783 2467 Romanorum
807 2406 1005 2469 clementiam.
1041 2406 1228 2468 llirabuntur
1256 2411 1355 2466 antem
1383 2405 1413 2485 it,

264 2511 373 2592 qulbus
392 2512 454 2573 sola
472 2514 516 2573 uti
533 2512 605 2591 licet
619 2513 748 2598 editione
763 2512 953 2595 lubertiana,
972 2513 1052 2593 quod
1072 2515 1109 2593 lg.
1127 2509 1223 2575 159n
1243 2529 1303 2574 non
1318 2513 1414 2591 excipi

265 2621 422 2681 statuimus
446 2620 610 2698 fragmento
632 2616 731 2680 1601)
746 2637 810 2699 sqq.
847 2618 965 2699 Optime
985 2622 1064 2680 enim
1083 2620 1173 2680 verba
1190 2616 1279 2696 ὑμεῖς
1298 2617 1334 2680 δὲ
1355 2615 1415 2680 οὐκ

265 2721 330 2786 οἶδ’
352 2721 430 2786 ὅθεν
452 2721 639 2801 ὑποβλητδν
668 2721 756 2805 αὐτῷ
780 2721 964 2801 προττίθετε
992 2727 1078 2804 sequi
1105 2724 1244 2800 videntur
1271 2724 1357 2786 haec:
1380 2721 1415 2784 τί

264 2833 303 2910 δὴ
317 2830 444 2895 ruricort
463 2829 608 2908 οὐδαμοῦ
622 2829 829 2908 χαλεπαίνων
848 2828 867 2892 ὁ
885 2830 960 2895 θεὸς
973 2827 1131 2909 φαίνεται.
1170 2831 1228 2893 Sed
1244 2837 1414 2912 corruptam

264 2959 330 3001 esse
349 2939 489 3002 editionis
508 2936 707 2999 nuberttanae
731 2940 909 3018 scripturam
933 2937 1116 3018 intellegitur
1138 2957 1173 2999 ex
1193 2937 1331 2999 codicum
1353 2955 1412 2998 me-

264 3048 366 3106 moria.
408 3045 442 3106 ln
466 3046 595 3107 editione
619 3047 697 3106 enirn
726 3053 795 3126 post
821 3044 910 3108 verba
938 3043 1008 3107 ἐπεὶ
1031 3043 1067 3108 δέ
1091 3043 1155 3107 ἐςτι
1179 3042 1414 3122 φιλοςκώμμων

263 3150 314 3213 καὶ
337 3151 453 3229 θραςύς
477 3151 521 3215 εἰς
544 3149 676 3227 λόγους,
699 3151 780 3229 φέρε
805 3151 857 3229 δὴ,
881 3151 976 3230 φέρε,
999 3150 1244 3229 καταθρήςωμεν
1273 3155 1415 3214 continno

264 3266 433 3338 sequuntur
459 3257 491 3320 τί
521 3258 560 3336 δὴ
589 3257 715 3321 τούτοις
743 3255 888 3334 οὐδαμοῦ
916 3254 1123 3334 χαλεπαίνων
1146 3255 1207 3319 κτὲ.
1249 3259 1283 3320 ln
1312 3258 1413 3320 codice

265 3373 364 3427 autem
388 3364 536 3428 Marciano
559 3363 621 3428 123
646 3365 734 3427 verba
757 3363 826 3445 p'ost
843 3363 1089 3441 καταθρήςωμεν
1112 3367 1306 3426 inveniuntur
1327 3364 1413 3429 haec:

263 3469 292 3532 τί
311 3471 349 3548 δὴ
374 3469 500 3534 τούτοις
524 3469 637 3549 ἕτερον
660 3473 866 3549 πμοςεπινοεῖ
888 3472 926 3548 τῆ
951 3465 1023 3554 (sic)
1050 3470 1244 3548 Χριςτιανςῦν
1267 3469 1413 3548 θρηςκεία

262 3573 336 3660 (sic)
361 3575 553 3655 μαχόμενος·
577 3577 654 3656 φηςὶ
676 3577 737 3654 γὰρ
761 3575 842 3654 πρὸς
870 3575 1010 3641 τούτοις·
1038 3575 1183 3654 οὐδαμοῦ
1207 3575 1413 3654 χαλεπαίνων

267 3680 331 3746 κτὲ.
354 3684 379 3744 λ
406 3703 464 3764 qua
488 3689 636 3766 scriptura
659 3684 751 3746 codex
775 3683 864 3746 lilarc.
889 3681 953 3746 122
977 3703 1037 3745 non
1058 3684 1159 3770 differt
1182 3686 1240 3745 nisi
1267 3686 1298 3745 in
1325 3682 1416 3744 rebus

263 3791 402 3852 minimis.
426 3790 671 3872 Oecolampadius
685 3799 783 3854 autem
799 3791 911 3853 codicis
926 3791 1087 3871 Capnionei
1101 3793 1281 3870 scripturam
1295 3793 1336 3852 ita
1349 3809 1414 3850 rer·

263 3898 312 3958 tit:
332 3892 397 3976 ‘age
412 3897 576 3979 videamus,
592 3899 731 3978 quidnam
746 3898 825 3959 aliud
840 3917 907 3959 cum
922 3897 969 3958 his
984 3899 1139 3978 excogitat,
1154 3897 1234 3976 quod
1248 3915 1316 3958 cnm
1330 3896 1414 3957 Chri·

262 4005 357 4065 stiana
373 4004 515 4083 religione
530 4015 649 4086 pugnat.
677 4006 754 4068 llicit
769 4009 862 4068 enim:
880 4005 925 4065 Ad
944 4005 1017 4066 lraec
1032 4005 1106 4065 deus
1120 4023 1180 4065 non
1195 4003 1312 4065 ridetur
1325 4021 1413 4082 aegre

335 4160 361 4226 1)
381 4158 506 4225 κείμενον
525 4159 622 4215 adieci.

335 4251 362 4317 2)
382 4247 434 4303 eui
458 4248 612 4318 praemissa
636 4250 702 4303 sunt
724 4248 794 4302 haec
817 4245 929 4316 Cyrilli:
952 4245 1118 4313 προτετάχει
1145 4247 1226 4314 δέχτι
1249 4249 1294 4300 καί
1317 4248 1414 4316 ἕτερον

262 4338 307 4392 καί
326 4354 416 4406 φηςιν.

335 4429 363 4497 8)
381 4427 547 4494 προςεπάγει
567 4430 597 4483 δὲ
615 4428 660 4482 καί
678 4444 770 4496 φηςιν.
