3192 4906
731 327 822 396 Caput
842 328 860 381 i.
931 366 937 412 fi

767 527 820 591 42.

311 654 354 714 Ex
378 654 480 715 Leoni.
505 664 534 715 οι
557 655 657 715 ίοαιυι,
681 675 708 734 ρ.
726 651 798 716 105.
837 650 886 716 Ἐκ
913 655 971 715 τοῦ
1001 647 1039 730 ιη’
1071 651 1172 728 λόγου
1195 653 1262 714 τῶν
1289 650 1369 714 κατὰ

221 757 404 823 Ἰουλιανοθ.

310 865 360 930 Ἐν
387 869 433 948 τῷ
462 867 560 943 μηδὲν
584 863 667 942 ἄγαν
696 863 838 930 εἶναιτὸ
863 864 899 929 εὖ
922 863 1011 943 ἔχον,
1040 865 1077 928 ἐν
1105 865 1140 928 δὲ
1164 868 1211 948 τῷ
1234 867 1372 946 περιττῷ

159 983 186 1003 ·“
220 973 277 1036 τάς
296 972 457 1054 διαβολάς.

311 1080 392 1151 Quae
421 1081 510 1142 verba
538 1100 604 1142 esse
633 1091 794 1142 extremam
827 1082 953 1143 alicuius
984 1075 1133 1140 'enuntiati
1160 1087 1276 1160 partem
1303 1079 1372 1140 inde

221 1189 417 1270 intellegitur,
441 1190 519 1268 quod
545 1203 668 1249 necesse
687 1199 733 1250 est
756 1192 952 1268 praemissum
976 1191 1014 1248 sit
1033 1186 1157 1248 verbum
1180 1206 1276 1267 aquo
1299 1206 1370 1266 pen·

221 1295 289 1355 deat
308 1298 493 1356 accusativus
512 1314 581 1355 οιιιιι
604 1295 748 1356 infinitivo
768 1298 954 1356 coniunctus.
988 1292 1167 1374 Deprompta
1187 1303 1285 1354 autem
1305 1312 1371 1353 esse

222 1420 257 1460 ex
282 1401 384 1462 eadem
409 1400 476 1461 libri
504 1410 588 1480 parte
613 1420 670 1480 qua
695 1402 732 1481 fg.
752 1399 793 1463 41
820 1402 958 1462 videntur
986 1419 1052 1461 esse
1076 1410 1199 1481 propter
1223 1418 1310 1460 voces
1333 1397 1371 1458 τό

222 1505 258 1569 εὖ
281 1505 368 1583 ἔχον.
536 1510 541 1517 ’

690 1613 692 1616 ’
767 1631 820 1696 43.

309 1756 353 1816 Ex
372 1756 472 1817 loann.
486 1756 619 1818 Damaso.
639 1755 783 1831 ἐκλογῶν
803 1759 881 1835 βιβλ.
901 1758 946 1818 ed.
965 1756 1099 1836 quuien
1114 1755 1140 1815 Π
1158 1776 1186 1836 p.
1203 1752 1276 1817 752.
1307 1752 1372 1816 Τοῦ

221 1861 314 1939 ἁγίου
339 1861 503 1940 Κυρίλλου,
527 1862 562 1926 ἐκ
585 1867 643 1926 τοῦ
668 1857 706 1941 ιη’
730 1867 797 1927 τῶν
820 1863 901 1926 κατὰ
923 1859 1106 1926 Ἰουλιανοῡ.

309 1970 391 2033 Δεῖν
414 1965 500 2046 οίμαι
523 1968 563 2032 τὰ
590 1969 671 2047 ὑπὲρ
699 1970 779 2048 ἡμᾶς
803 1967 1016 2048 ἀβαεανίςτωε
1025 1966 1048 2054 1)
1076 1974 1114 2052 τῇ
1143 1967 1243 2032 πίετει
1266 1969 1371 2045 τιμᾶν·

220 2074 347 2142 ἀςθενεῖ
374 2075 435 2155 γάρ
459 2096 527 2140 πως
556 2074 759 2155 ἀνθρώπινος
781 2081 858 2141 νοῖις
891 2073 936 2141 είς
959 2096 996 2151 γε
1025 2075 1063 2138 τό
1091 2074 1243 2139 δόναςθαι
1272 2074 1371 2137 ςυνιέ-

221 2202 273 2247 ναι
297 2181 411 2247 πάντα.

766 2307 818 2371 44.

309 2431 353 2492 Ex
376 2432 476 2493 ioann.
500 2431 631 2494 Damaso.
654 2452 682 2512 p.
700 2430 772 2494 778.
805 2430 870 2494 Τοῦ
895 2429 993 2494 αὐτοῦ
1018 2431 1052 2494 ἐκ
1075 2435 1133 2495 τοῦ
1157 2426 1197 2509 ιη’
1222 2429 1351 2510 βιβλίου.

254 2547 257 2552 ’
311 2537 416 2602 Οὐδὲν
443 2532 562 2620 οὕτωά)
595 2537 850 2614 κεκαθαρμένους
877 2537 957 2615 ἡμᾶς
986 2541 1072 2600 ποιεῖ
1100 2535 1144 2599 ὡς
1173 2535 1205 2600 αἱ
1231 2541 1298 2600 τῶν
1326 2535 1371 2600 είς

221 2643 384 2723 εὐςέβειαν
408 2641 705 2722 ἀνδραγαθημάτων
728 2641 949 2722 λαμπρότητες
972 2643 1024 2704 καὶ
1046 2641 1084 2705 τό
1107 2663 1145 2718 γε
1164 2642 1372 2722 ἐποικτείρειν

221 2750 297 2814 τοὺς
317 2750 353 2814 ἐν
372 2749 478 2833 ἐνδείᾳ
501 2751 553 2814 καὶ
570 2753 636 2812 τῶν
655 2747 838 2825 ἀναγκαίων
858 2747 977 2813 ςπάνει.
1014 2731 1133 2826 γράφει
1154 2747 1215 2826 γάρ
1234 2769 1298 2812 που
1321 2749 1372 2812 καί

222 2855 494 2935 όπαροιμιαςτὴς,
518 2855 567 2920 ότι
591 2855 817 2935 ἐλεημοςύναις
840 2855 891 2918 καὶ
910 2854 1027 2920 πίςτεςι
1045 2853 1317 2932 ἀποκαθαίρονται
1340 2853 1372 2924 αῗι

198 3041 202 3050 Ι
222 2961 369 3041 ἁμαρτίαι
392 2960 479 3047 (Τοδ.
498 2964 552 3047 12,
566 2959 612 3048 9).

767 3085 820 3150 45.

312 3215 356 3275 Ex
380 3216 480 3276 loann.
505 3214 636 3278 Damasi.
659 3233 687 3294 ρ.
704 3209 777 3274 778.
810 3207 860 3274 Ἐκ
882 3213 940 3274 τοῦ
964 3209 1073 3274 αὐτοῦ.

310 3319 449 3397 Πρῶτον
466 3314 590 3403 <ότι>3)
610 3318 661 3382 καὶ
680 3315 807 3395 ἀριςτον
827 3314 1055 3395 ἀνδραγάθημα
1074 3317 1112 3379 τό
1132 3320 1289 3395 διανεῖμαι
1302 3320 1371 3380 τοῖς

223 3427 389 3504 δεομένοις
412 3425 452 3489 τὰ
472 3425 551 3488 ὄντα
574 3425 626 3489 καὶ
643 3428 908 3502 κατευμεγεθῆςαι
927 3429 983 3502 τῆς
1002 3423 1036 3487 ἑκ
1054 3427 1113 3486 τοῦ
1132 3423 1275 3486 πλούτου
1298 3443 1370 3501 τρυ-

223 3536 287 3610 φῆς
310 3531 361 3594 καὶ
384 3534 617 3609 καταςωρεθςαι
642 3532 765 3608 μᾶλλον
788 3529 824 3592 ἐν
848 3528 999 3607 οὐρανοῖς
1016 3529 1132 3592 ἐλπίδα
1155 3531 1213 3607 τὴν
1236 3531 1370 3606 μέλλου-

224 3656 281 3700 ςαν
299 3636 350 3699 καὶ
369 3639 435 3701 τῶν
454 3635 655 3714 προςκαίρων
669 3633 861 3699 ἀλλάξαεθαι
880 3635 919 3699 τὰ
938 3636 1134 3715 διηνεκῆικαὶ
1153 3631 1371 3719 ἀνθελέςθαιῖ)

223 3743 263 3806 τά
291 3743 429 3820 μένοντα
456 3746 522 3806 τῶν
551 3743 800 3819 ςεςαλευμὲνων,
829 3741 1022 3806 ἐνδοιάςειεν
1050 3741 1090 3806 ἀν
1114 3742 1219 3806 οὐδεὶς
1241 3746 1307 3805 τῶν
1335 3731 1371 3806 εὖ

224 3853 360 3928 φρονεῖν
383 3848 554 3914 εἰωθότων.

297 4081 324 4146 1)
343 4077 527 4144 ἀβαςανίςτως
546 4077 653 4146 scripsi.
671 4078 840 4148 ἀβαςανίςτῳ
860 4078 992 4147 Lequien.

295 4167 321 4233 2)
341 4167 417 4219 οὕτω
436 4165 542 4235 scripsi.
562 4168 653 4220 οὕτως
671 4166 804 4235 Lequien.

295 4257 322 4324 3)
342 4256 385 4308 ὅτι
403 4254 501 4310 adieci.

294 4345 322 4411 4)
341 4343 499 4398 ἀνθελέςθαι
517 4343 623 4412 scripsi.
643 4345 783 4398 ἀνελέςθαι
802 4343 934 4412 Lequien.
