3194 4904
246 270 288 334 26
751 269 843 338 Caput
860 269 880 322 1.
988 309 994 322 .

174 413 177 428 ⁸
247 439 461 498 commentario
490 453 558 498 eum
586 436 684 496 locum
712 434 861 496 illustrare
890 434 989 514 veliet,
1018 433 1108 494 scribi
1137 451 1196 495 non
1226 443 1398 515 potuerunt.

245 543 348 623 Neque
368 543 422 603 alia
441 550 487 603 est
505 561 555 603 res
573 543 603 602 in
624 542 788 621 fragmento
808 529 909 602 altero.
946 541 980 601 In
1000 560 1035 600 eo
1056 560 1114 620 quo
1134 540 1170 601 de
1192 541 1289 602 Lucae
1310 560 1397 602 versu

245 650 394 711 disserere
418 649 559 709 voluisset
578 647 753 708 Theodorus
777 665 874 727 neque
894 647 1076 708 Fritzschius
1100 646 1173 708 dixit
1197 666 1293 726 neque
1313 650 1395 726 equi·
1449 633 1453 639 ⁵

246 757 313 817 dem
342 755 442 816 dicere
469 763 601 835 possum.
639 753 697 815 Sed
728 773 796 816 oum
823 757 854 815 in
885 773 920 814 eo
949 760 1122 834 quaeratur,
1155 773 1211 833 qna
1241 755 1278 814 de
1308 773 1396 815 causa

241 865 417 951 (saepissime
438 870 652 924 commutatum
676 863 714 922 sit
740 861 821 922 orbis
841 869 988 922 terrarum
1006 862 1175 942 imperium,
1198 880 1258 922 non
1277 860 1395 923 difficile

248 978 304 1031 est·
321 969 488 1050 intellectu,
517 988 573 1048 qna
602 987 634 1042 re
664 977 819 1050 permotus
852 970 939 1029 etiam
972 967 1051 1029 hunc
1078 968 1177 1030 locum
1205 971 1397 1049 exscripserit

248 1084 413 1157 excerptor.
453 1077 558 1156 Agitur
586 1079 664 1137 enim
693 1079 724 1137 in
754 1079 791 1137 iis
810 1078 891 1156 'ipsis
921 1095 995 1156 quae
1024 1075 1111 1138 modo
1140 1077 1224 1137 attuli
1247 1075 1396 1137 Theodori

248 1183 347 1244 uerbis
375 1184 412 1244 de
440 1183 578 1244 omnihus
610 1183 780 1244 hominibus
808 1190 941 1262 tempore
969 1181 1080 1242 Christi
1111 1184 1142 1242 in
1174 1184 1263 1242 unius
1295 1182 1394 1262 populi

142 1336 150 1344 ,
247 1297 424 1369 potestatem
444 1291 579 1351 redactis.
617 1290 677 1350 lam
697 1308 766 1350 vero
786 1291 884 1349 omnia
903 1307 978 1368 quae
997 1288 1171 1362 Muentprus
1190 1289 1288 1349 attulit
1302 1288 1395 1349 Theo-

248 1395 314 1456 dori
337 1398 499 1476 fragmenta
523 1406 645 1478 propter
663 1396 768 1458 Iuliani
792 1395 933 1475 quasdam
956 1397 1119 1457 sententias
1142 1395 1290 1475 disputata
1314 1405 1396 1478 sunt;

248 1511 336 1582 atque
365 1506 396 1564 iu
424 1504 516 1565 altero
541 1507 629 1566 etiam
657 1513 687 1566 et
710 1512 793 1565 sexto
821 1503 985 1582 fragmento
1014 1521 1078 1564 rem
1105 1505 1146 1563 ita
1174 1521 1205 1562 se
1233 1502 1342 1563 habere
1365 1505 1396 1563 in

248 1612 343 1690 capite
368 1611 461 1674 altero
485 1610 652 1692 ostendam,
680 1611 732 1672 uhi
760 1610 883 1672 uberius
911 1611 946 1670 de
975 1613 1012 1671 iis
1035 1611 1183 1690 agendum
1207 1611 1272 1670 erit.
1314 1610 1396 1680 Quae

248 1735 316 1778 cutm
341 1720 381 1778 ita
405 1721 478 1800 sint,
500 1721 610 1779 mirum
630 1719 693 1779 sine
716 1717 805 1779 dubio
829 1716 947 1778 videtur
969 1719 1000 1777 in
1019 1716 1156 1777 omnihus
1180 1716 1227 1777 his
1251 1717 1395 1796 fragmen-

249 1827 286 1886 tis
305 1825 343 1885 de
361 1825 473 1887 iuliano
492 1827 551 1906 agi,
575 1827 600 1886 si
620 1844 652 1886 re
671 1814 740 1885 vera
759 1843 795 1885 ex
815 1826 1026 1885 commentario
1047 1826 1078 1884 in
1096 1823 1194 1884 Lucae
1214 1823 1397 1902 evangelium

248 1935 360 2012 scripto
385 1940 523 2012 excerpta
547 1940 632 2013 sunt3
662 1933 838 2012 praesertim
861 1949 930 1991 cum
958 1933 988 1991 in
1017 1929 1081 1990 aliis
1110 1932 1331 1991 commentariis
1359 1949 1396 1991 ne

249 2058 309 2101 ιιιιο
324 2039 443 2119 (μιίιίαιιι
458 2039 524 2100 loco
538 2038 644 2100 Iuliani
659 2041 838 2099 mentionem
858 2039 964 2099 fecerit
977 2036 1161 2098 Theodorus.
1195 2037 1290 2107 Quem
1309 2039 1396 2104 etiam

247 2148 279 2207 in
303 2147 515 2207 commentario
538 2145 645 2206 mxu
669 2145 827 2226 prophetas
851 2147 963 2225 scripto
988 2143 1110 2205 uberius
1129 2153 1232 2206 contra
1251 2144 1396 2205 lulianum

145 2321 146 2324 γ
249 2253 426 2314 disseruisse
451 2253 524 2314 falso
548 2253 622 2314 dixit
644 2253 826 2314 Fritzschius
848 2273 876 2332 p.
901 2250 957 2333 813
986 2254 1016 2312 in
1040 2259 1121 2312 vasto
1146 2253 1224 2312 enim
1248 2251 1396 2312 volumine

248 2379 285 2421 ne
309 2379 387 2422 unus
412 2360 532 2439 quidem
555 2363 620 2420 eius
650 2359 728 2419 modi
755 2359 839 2420 locus
861 2361 1021 2419 invenitur.
1062 2358 1170 2418 Carere
1196 2359 1288 2436 igitur
1316 2361 1398 2419 omni

248 2469 381 2529 veritatis
405 2469 504 2547 speeie
522 2466 678 2527 Fritzschii
706 2467 883 2526 sententiam
908 2467 1046 2544 quoniam
1070 2465 1200 2546 ostendi,
1230 2482 1310 2525 nunc
1333 2484 1397 2526 rem

250 2576 355 2634 afferre
379 2573 451 2634 mihi
475 2574 561 2634 liceat
585 2591 650 2633 meo
675 2574 795 2652 quidem
818 2572 927 2634 iudicio
946 2573 1157 2651 gravissimam.
1195 2571 1237 2632 De
1261 2591 1296 2632 eo
1321 2573 1398 2652 frag·

248 2690 348 2742 mento
381 2680 466 2742 nobis
494 2680 640 2760 agendum
668 2689 727 2760 est,
760 2697 818 2758 quo
849 2678 1025 2739 Theodorus
1057 2681 1210 2758 impugnat
1241 2697 1396 2740 censuram
1445 2745 1450 2754 .

248 2806 336 2868 quam
373 2786 513 2848 historiae
548 2787 719 2848 tentationis
752 2785 863 2846 Christi
896 2787 956 2864 egit
992 2784 1123 2846 lulianus
1151 2802 1178 2864 p.
1205 2783 1255 2868 12,
1274 2784 1317 2848 22
1333 2807 1396 2866 sqq.

248 2896 352 2976 Neque
384 2896 463 2956 enim
493 2893 676 2955 Christianae
714 2892 867 2972 religionis
900 2891 1085 2952 adversarius
1117 2891 1207 2952 huius
1240 2895 1284 2953 rei
1316 2894 1397 2954 fonte

250 3005 369 3065 omnino
393 3021 466 3063 usus
490 3010 536 3062 est
554 3000 652 3060 Lucae
676 2999 836 3080 evangelio,
860 3000 912 3061 sed
936 3002 987 3078 qni
1009 2998 1045 3059 ab
1069 2999 1119 3059 illo
1139 2999 1342 3078 compluribus
1366 3003 1397 3061 in

249 3111 340 3172 rebus
358 3110 458 3171 differt
476 3108 636 3190 Matthae03
659 3108 688 3168 id
709 3107 787 3187 quod
807 3109 918 3186 fugisse
937 3107 1054 3168 videtur
1073 3104 1243 3184 theologum
1263 3106 1397 3168 doctissi-

249 3236 338 3280 mum.
375 3217 447 3276 Nam
468 3216 503 3276 ad
523 3234 642 3276 versum
661 3213 714 3276 ἐπὶ
734 3213 828 3276 παντὶ
847 3211 960 3291 ῥήματι
979 3215 1064 3289 θεοῦ,
1083 3231 1147 3292 pag.
1165 3210 1281 3294 13,18,
1304 3213 1397 3275 libere

250 3325 384 3386 adnotat:
413 3324 449 3384 cs.
472 3302 543 3383 Luc.
567 3319 597 3402 4,
620 3320 650 3382 4.
694 3321 731 3382 tt
759 3323 838 3404 enim
869 3322 894 3380 is
927 3338 1031 3380 versus
1064 3321 1095 3380 in
1122 3318 1218 3381 Lucae
1247 3321 1397 3400 evangelio

251 3433 372 3492 omnino
396 3448 456 3490 non
479 3429 643 3508 invenitur,
667 3427 719 3487 sed
742 3446 757 3486 a
781 3426 927 3486 Matthaeo
952 3421 1012 3507 (IV,
1034 3419 1071 3508 4)
1095 3429 1207 3505 petitus
1230 3436 1288 3508 est,
1312 3431 1398 3489 cuius

250 3537 338 3598 verba
361 3537 435 3596 haec
462 3545 545 3596 sunt:
573 3531 630 3595 οὐκ
650 3528 705 3594 ἐπ’
728 3528 815 3613 ἄρτῳ
834 3529 923 3612 μόνῳ
942 3532 1066 3609 ζήτεται
1085 3529 1104 3592 ὁ
1123 3527 1301 3610 ἄνθρωποι,
1326 3529 1401 3595 ἀλλ’

250 3642 302 3704 ἐπί
317 3640 411 3703 παντὶ
430 3638 542 3718 ῥήματι
557 3637 802 3719 ἐκπορευομένῳ
817 3635 869 3699 διὰ
883 3635 1037 3714 (τόματοτ
1052 3641 1138 3701 θεοῦ.
1166 3639 1269 3718 Neque
1284 3642 1395 3702 rectius

250 3750 286 3811 ad
314 3748 411 3810 Lucae
435 3768 460 3808 ν.
484 3744 560 3807 1V3
593 3745 774 3807 Fritzschius
802 3764 856 3805 nos
885 3754 1003 3807 revocat
1030 3749 1062 3806 in
1090 3747 1277 3806 adnotatione
1306 3746 1342 3807 ad
1369 3767 1397 3827 p.

253 3853 302 3938 13,
326 3853 382 3919 20:
406 3852 475 3916 εἰπὲ
493 3851 547 3916 ἵνα
566 3850 597 3915 οἱ
616 3850 698 3915 λίθοι
717 3849 807 3929 ἄρτοι
830 3850 990 3930 γίνωνται,
1014 3872 1081 3914 cum
1101 3852 1198 3913 Lucae
1218 3853 1306 3914 verba
1325 3854 1398 3916 haec

251 3967 324 4026 sint:
357 3962 426 4026 εἰπὲ
453 3965 499 4044 τῷ
527 3959 605 4042 λίθῳ
628 3957 733 4042 τούτῳ
761 3958 815 4022 ἵνα
842 3959 971 4037 γένηται
1000 3955 1108 4038 ἄρτοι,
1136 3959 1276 4021 Matthaei
1299 3968 1398 4022 antem

250 4067 301 4152 (lv
326 4068 361 4153 3)
390 4067 458 4131 εἰπὲ
485 4067 539 4131 ἵνα
568 4065 599 4131 οἱ
628 4065 710 4131 λίθοι
734 4064 823 4130 οῦτοι
852 4063 942 4144 ἄρτοι
969 4067 1126 4141 γένωνται
1155 4067 1267 4127 fontem
1295 4066 1399 4127 Iuliani

250 4179 308 4238 hoc
325 4178 391 4239 loco
410 4196 441 4238 se
462 4195 527 4238 esse
548 4177 782 4238 luculentissime
800 4177 1017 4261 demonstrent.
1054 4175 1115 4236 Nec
1139 4176 1232 4254 magis
1250 4194 1278 4254 p.
1296 4171 1398 4254 14,19

251 4283 341 4346 verba
359 4280 388 4344 τί
408 4283 442 4344 δὲ
463 4279 638 4359 θαυμάζεις,
656 4277 675 4343 ὅ
694 4300 724 4342 τι
744 4282 782 4359 μὴ
803 4277 898 4343 ὄντος
916 4277 1013 4374 ὅρου(
1032 4278 1160 4358 ὑψηλοῦ
1179 4279 1215 4344 ἐν
1234 4284 1272 4364 τῇ
1291 4278 1398 4360 ἐρήμῳ

252 4391 378 4466 λέγεται
406 4387 425 4450 ὁ
453 4387 603 4469 διάβολοι
636 4386 811 4463 ἀναγαγεῖν
843 4385 943 4449 αὐτὸν
970 4385 1014 4449 εἰ(
1045 4383 1122 4463 ὅρα(
1151 4384 1280 4464 ὑψηλὸν
1312 4382 1398 4460 λίαν;
