3194 4904
226 1297 274 1366 Ito
302 1297 383 1366 latis
415 1295 580 1368 librorum
607 1296 734 1368 Iuliani
765 1299 981 1388 imperatoris
1015 1277 1132 1370 contra
1165 1301 1374 1373 Christianos

692 1425 903 1513 scriptorum.

317 1597 463 1658 lulianum
473 1601 682 1678 imperatorem
695 1601 725 1659 in
737 1599 971 1660 Christianorum
982 1605 1219 1664 communionem
1230 1603 1375 1684 baptismo

226 1712 382 1784 receptum
401 1723 467 1765 esse
488 1708 600 1766 exstitit
618 1725 714 1785 nuper
734 1709 784 1786 qui
807 1716 929 1784 negaret
947 1708 1086 1769 Allonsus
1102 1709 1234 1783 Mueclnce
1268 1711 1326 1782 Qui
1344 1715 1374 1772 In

225 1813 301 1872 vitae
339 1810 441 1873 iuliani
478 1812 619 1874 fasciculo
648 1812 740 1873 altero
774 1833 801 1894 p.
820 1812 873 1876 ,70
908 1822 995 1894 negat
1027 1824 1161 1876 veterum
1194 1821 1374 1897 scriptorum

229 1925 280 1977 aut
304 1917 539 1980 Christianorum
564 1929 614 1981 aut
636 1939 818 2000 paganorum
842 1925 1019 2000 quemquam
1043 1921 1079 1981 de
1102 1921 1247 2002 baptismo
1270 1923 1375 1984 Iuliani

226 2027 384 2104 quicquam
408 2025 568 2087 rettulisse.
610 2028 705 2105 Atque
730 2029 984 2104 argumentatione
1008 2045 1060 2087 sua
1084 2027 1269 2089 Fridericum
1293 2029 1374 2090 Rode

226 2130 301 2191 libro
321 2135 371 2212 qui
390 2132 564 2193 inscribitur
581 2131 777 2212 „Gescbicbtc
796 2133 849 2192 der
868 2133 1009 2192 Reaction
1029 2132 1133 2193 Κοίοιο
1151 2133 1261 2196 lulians
1280 2155 1373 2216 gegen

227 2238 274 2299 dic
294 2239 464 2300 christliche
480 2235 611 2301 'KIrohe“
629 2239 715 2300 lenae
735 2259 759 2300 a.
777 2237 861 2302 1877
881 2239 992 2320 publici
1015 2242 1090 2301 iuris
1109 2242 1186 2302 lacto
1206 2241 1242 2302 de
1262 2251 1374 2324 tempo·
1444 2247 1445 2250 ’

227 2345 310 2406 ribus
339 2366 439 2407 rerum
470 2366 485 2406 a
513 2347 626 2407 iuliano
658 2356 809 2427 gestarum
838 2349 1006 2408 accuratius
1039 2346 1236 2409 discribendis
1264 2352 1374 2430 optime

226 2455 365 2513 meritum
386 2455 411 2514 si
435 2456 534 2514 miuus
557 2456 587 2514 iu
611 2463 710 2533 partes
735 2473 803 2515 suas
822 2453 915 2535 duxit,
939 2463 968 2514 at
991 2462 1073 2514 certe
1097 2459 1264 2538 commovit,
1287 2461 1374 2518 utin

226 2577 374 2648 suspenso
392 2561 574 2639 relinqueret
593 2563 810 2642 quaestionem3
830 2562 868 2621 cl.
882 2561 1008 2621 Rodium
1023 2581 1051 2640 p.
1062 2558 1104 2622 33
1119 2561 1184 2621 adn.
1197 2558 1247 2622 13.
1270 2562 1374 2642 Neque

226 2674 325 2726 tamen
355 2675 437 2727 recte
461 2668 565 2728 dicunt
588 2687 624 2728 ne
649 2686 741 2729 unum
765 2667 884 2748 quidem
909 2678 1043 2729 veterum
1067 2670 1247 2747 scrIptorum
1270 2669 1306 2729 de
1326 2668 1375 2729 ba-

225 2775 334 2852 ptIsmo
353 2774 458 2834 Iuliani
477 2773 565 2834 verba
589 2775 704 2850 iecisse.
737 2771 840 2836 Exstat
859 2777 939 2834 enim
958 2774 1042 2835 locus
1062 2774 1162 2854 Cyrssli
1176 2774 1374 2858 Alexandrini,

226 2883 311 2941 cuius
340 2881 411 2940 baec
440 2889 510 2940 sunt
536 2883 566 2941 in
595 2880 802 2941 acclamatione
826 2882 861 2941 ad
885 2881 1141 2959 religiosissimum
1165 2883 1374 2960 imperatorem

226 2986 426 3046 Theodosium
440 3007 468 3066 p.
483 2983 532 3046 3Β
547 2986 634 3048 Aub:
656 2985 696 3063 ἦν
720 2987 777 3062 μὲν
796 2985 857 3062 γὰρ
882 2981 935 3068 (sc.
951 2983 1136 3066 Ἰουλιανὸς)
1155 2986 1218 3062 πρὸ
1233 2990 1299 3050 τῶν
1317 2993 1374 3066 τῆ(

228 3089 383 3169 βαιιλείαι
397 3095 517 3168 καιρών
531 3095 598 3154 τοῖς
613 3091 809 3155 πιττεύτατιν
820 3090 1014 3168 ἐναρίθμιοι·
1027 3090 1144 3168 ἠξιώθη
1160 3092 1195 3154 δὲ
1209 3093 1260 3155 καὶ
1275 3093 1373 3157 αὐτοῦ

226 3194 315 3277 100¹)
342 3195 435 3273 ἁγίου
460 3197 683 3276 βαπτίτματοε,
712 3197 863 3276 ἐνήικητο
888 3197 997 3261 δὲκαὶ
1027 3197 1144 3277 βίβλοι(
1166 3202 1236 3261 ταῖς
1260 3197 1374 3277 ίεραῖτ·

166 3279 187 3311 ⁸
227 3301 304 3366 ἀλλ’
333 3303 391 3367 οὐκ
415 3301 481 3366 olb’
508 3302 598 3367 duur(
627 3300 741 3381 ἄνδρες
765 3303 852 3386 αὐτῷ
882 3303 987 3381 μιαροί
1009 3324 1044 3366 τε
1072 3303 1124 3366 καὶ
1148 3304 1374 3382 δειιιδαίμονετ

226 3409 399 3485 γεγονότε(
421 3409 575 3488 γνώριμοι
598 3411 674 3474 τοὺ(
693 3409 774 3488 ὑπὲρ
794 3415 849 3489 τῆ(
871 3407 1062 3473 ἁποττατίατ
1084 3413 1226 3487 καθῆκαν
1246 3410 1372 3488 λόγους.

227 3513 294 3580 εἶτα
324 3517 485 3582 (ύνοπλον
513 3518 557 3581 εἰ(
590 3522 686 3582 τοῦτο
716 3517 869 3597 λαβόντε(
902 3517 959 3581 τὸν
988 3519 1127 3580 εατανᾶν
1160 3517 1373 3596 παρεκόμιταν

227 3621 271 3686 εἰ(
289 3623 329 3687 τὰ
350 3623 511 3702 Ἑλλήνων
536 3623 591 3703 ἔθη
610 3624 662 3688 καὶ
681 3623 790 3702 λάτριν
810 3622 982 3702 ἀπέφηναν
997 3621 1171 3700 δαιμονίων
1185 3621 1373 3703 ἀκαθάρτων

225 3729 283 3793 τὸν
320 3727 423 3806 ἁγίαιτ
455 3729 629 3809 ἐκκλητίαιτ
661 3731 712 3794 καὶ
749 3729 968 3808 μοναιτηρίοιτ
996 3729 1259 3807 ἐντεθρυμμένον.
1307 3733 1372 3804 Οιιο

300 3942 324 4006 1)
339 3939 479 3994 Aubertus
493 3943 603 3994 καὶτοῦ
618 3941 698 4006 ἁγίου
714 3941 905 4006 βαπτίτματθτ.
934 3939 988 3993 Sed
1003 3938 1124 3993 Michael
1134 3937 1234 4008 Glycas
1248 3959 1275 4008 p.
1285 3945 1372 4009 47⁰‚3

226 4028 269 4081 ed.
289 4027 385 4096 Banu,
405 4029 453 4096 qui
471 4029 569 4098 cyrilli
588 4029 673 4083 verba
691 4029 850 4098 exscripsit:
876 4030 982 4096 ἠξιώθη
1008 4029 1038 4081 δὲ
1057 4030 1102 4081 καί
1121 4028 1278 4082 αὐτοῦτοῦ
1297 4029 1372 4084 θείου

227 4117 418 4184 βαπτίτματοι.
453 4116 685 4186 Oecolampadius
704 4118 790 4172 verba
809 4133 880 4186 quae
899 4116 928 4169 in
943 4114 1038 4170 codice
1058 4113 1209 4184 Oapnionis
1229 4117 1375 4172 invenerat

225 4206 267 4261 lta
276 4207 375 4262 vertit:
390 4208 555 4276 assequutus
566 4209 660 4261 antem
671 4208 770 4261 enatet
783 4205 876 4276 ipsum
887 4206 1094 4260 sacrosanctum
1109 4205 1256 4274 baptisma.
1275 4205 1373 4274 Neque

225 4297 364 4366 repugnat
383 4295 521 4365 scriptura
540 4296 599 4350 cod.
619 4295 755 4350 Marciani
776 4301 825 4350 123
847 4310 915 4349 saec.
936 4291 1008 4347 XIII.
1042 4292 1096 4346 Ubi
1114 4293 1216 4346 lacuna
1234 4292 1374 4347 iuvenitur

225 4384 299 4439 inter
316 4401 400 4440 voces
419 4386 523 4452 ritaliter]
548 4385 642 4438 δὲκαὶ
661 4386 691 4438 et
707 4389 760 4438 τοῦ
780 4383 859 4450 ἁγίου
880 4381 1071 4449 βαπτίιματοτ,
1090 4381 1120 4435 in
1138 4398 1194 4450 qua
1212 4380 1283 4434 nihil
1302 4398 1373 4434 nunc

227 4477 371 4544 comparet
387 4472 442 4528 nisi
461 4474 592 4528 accentus
611 4472 802 4528 circumflexus
821 4476 887 4528 ante
910 4487 992 4526 voces
1010 4476 1061 4525 τοῦ
1081 4469 1162 4534 ἁγίου
1183 4468 1372 4534 βαπτίιματοτ.

1125 4565 1138 4610 1
1146 4557 1160 4588 ’lt
