3192 4906
656 323 657 326 ¹
771 304 862 375 Caput
879 303 913 362 11.
951 387 952 390 Ἰ

716 493 767 553 Ex
789 495 868 554 libro
891 493 927 553 Χ
930 493 960 555 V.

811 649 860 714 13.

351 775 497 840 lrridebat
515 775 646 838 lulianus
660 775 825 858 Christum,
844 777 924 856 quod
943 775 1138 838 manducabat
1160 785 1191 840 et
1213 776 1340 838 bibebat.
1368 777 1413 838 Cf.

263 885 328 966 Cyr.
348 885 367 945 f.
382 881 434 948 20.
463 884 562 945 Matth.
584 881 639 964 11,
654 880 695 958 9„
720 883 791 944 Luc.
812 881 841 964 7,
860 879 911 944 34.
932 881 989 944 tbi
1010 886 1161 946 invenitur
1180 883 1290 946 Christi
1308 887 1413 964 oratio,

262 1008 320 1074 qua
348 993 491 1054 maiorem
519 1010 551 1052 se
580 1009 645 1051 esse
660 990 778 1060 ,Ioanne
805 988 933 1069 baptista
961 992 1089 1070 exponit
1130 989 1192 1052 lam
1219 1009 1289 1050 vero
1313 998 1412 1052 statuo

261 1098 402 1160 loannem
425 1117 441 1159 a
464 1097 576 1160 luliano
599 1097 750 1161 laudatum
774 1115 855 1180 esse,
880 1096 960 1176 quod
983 1096 1093 1157 multis
1112 1095 1187 1156 cibis
1210 1095 1413 1178 abstinuisset,

262 1207 413 1269 Christum
437 1208 647 1287 vituperatum,
670 1204 750 1284 quod
773 1203 891 1264 ioannis
914 1205 1037 1283 vestigia
1059 1222 1119 1264 non
1141 1205 1311 1284 pressisset.

810 1379 860 1444 14.

350 1509 537 1588 Fragmentis
561 1507 661 1588 Cyrilli
680 1504 721 1569 21
743 1516 773 1568 et
789 1503 832 1568 22
856 1506 1077 1568 misericordiae
1097 1493 1262 1569 afferuntur
1285 1508 1411 1570 fructus.

263 1615 342 1696 Ergo
365 1619 516 1678 invectum
541 1634 607 1678 esse
630 1634 739 1676 censeo
763 1614 910 1676 Iulianum
932 1617 964 1676 in
989 1613 1098 1675 Christi
1121 1613 1212 1674 verba
1235 1632 1310 1694 quae
1333 1615 1412 1694 apud

260 1722 440 1786 Matthaeum
468 1725 662 1786 inveniuntur
686 1718 721 1804 5,
746 1719 763 1782 7
793 1717 939 1798 μακάριοι
967 1717 998 1782 οἱ
1025 1718 1211 1797 ἐλεήμονεε,
1241 1717 1303 1782 ὅτι.
1318 1718 1412 1782 αὐτοὶ

260 1829 494 1910 ἐλεηθήεονται.
539 1829 729 1910 Vituperasse
762 1838 861 1889 autem
890 1827 1057 1888 censendus
1088 1835 1135 1887 est
1167 1845 1302 1908 sarisam,
1334 1846 1410 1908 qnae

260 1941 383 2003 affertur
406 1937 529 1999 vocibus
552 1933 602 1998 ὅτι
626 1933 717 1997 αὐτοὶ
740 1933 976 2013 ἐλεηθήεονται.

814 2109 863 2174 15.

350 2239 524 2320 Complures
546 2239 595 2300 hic
619 2241 650 2299 in
674 2257 797 2300 examen
825 2256 947 2300 vocasse
970 2237 1088 2298 videtur
1110 2235 1241 2298 Iulianus
1269 2237 1350 2298 iocos
1374 2257 1410 2298 ex
1574 2235 1575 2270 ³

260 2350 394 2408 oratione
417 2347 540 2407 haustos
564 2365 611 2428 ea,
635 2365 723 2428 quam
747 2349 778 2406 in
802 2355 902 2408 monte
925 2343 1029 2406 habuit
1051 2343 1196 2406 Christus
1232 2331 1430 2424 Fragmento'

260 2457 339 2514 enim
358 2450 401 2515 23
425 2471 493 2513 cum
513 2451 640 2532 Cyrillus
663 2453 835 2531 exposuerit
858 2451 1012 2532 splendida
1035 2454 1210 2513 vestimenta
1233 2451 1317 2513 nihili
1340 2470 1406 2512 csse

159 2599 166 2610 ·
260 2560 407 2643 iacienda,
439 2558 557 2621 ridetur
589 2558 658 2619 inde
691 2577 757 2619 csse
790 2557 987 2637 colligendum
1017 2559 1163 2620 luhanum
1195 2560 1405 2638 perstrinxisse

261 2666 426 2748 Christum,
458 2669 509 2748 qui
532 2657 633 2727 Matth.
657 2663 692 2747 6,
710 2661 767 2727 25:
791 2663 844 2726 διὰ
870 2667 980 2742 τοῦτο,
1007 2668 1114 2748 iuquit,
1141 2664 1226 2739 λέγω
1250 2662 1335 2742 ὑμῖν,
1368 2665 1407 2742 μὴ

259 2775 427 2850 μεριμνᾶτε
451 2777 489 2856 τῇ
513 2777 602 2856 ψυχῇ
625 2769 714 2850 ὑμῶν
737 2769 767 2834 τί
791 2769 932 2850 φάγητε,
955 2771 1033 2850 μηδὲ
1056 2775 1103 2854 τῷ
1127 2770 1245 2849 corpure
1268 2769 1357 2848 ὑμῶν
1378 2770 1408 2833 τί

258 2879 442 2958 ἐνδύεηεθε;
472 2891 502 2943 et
529 2880 631 2943 Matth.
655 2877 690 2962 6,
717 2877 759 2942 31
792 2879 833 2956 μὴ
866 2875 926 2942 οὖν
959 2878 1161 2956 μεριμνήεετε
1189 2877 1352 2954 λέγοντες·
1379 2876 1408 2940 ri

258 2985 417 3066 φάγωμεν
439 2987 461 3065 ἢν
483 2985 513 3050 τί
535 2985 659 3065 πίωμεν
681 2987 703 3064 ἢ
724 2983 754 3048 τί
777 2983 1034 3064 aepiscopum

632 3291 682 3352 Ee
709 3291 817 3370 Cyrillt‘
838 3291 918 3352 libro
940 3289 1029 3350 XVI.

806 3447 856 3511 16.

346 3574 489 3636 Eiusdem
506 3575 649 3637 orationis
668 3573 810 3658 quaedam
835 3574 1030 3636 calumniatus
1050 3592 1115 3634 esse
1133 3572 1265 3636 lubanus
1288 3575 1404 3637 videtur

257 3685 294 3744 iis
321 3681 435 3756 verbis,
463 3681 498 3742 ad
527 3699 602 3762 quae
630 3680 785 3760 respondit
807 3679 934 3760 Cyrillus
962 3681 1135 3760 fragmentis
1157 3677 1199 3742 27
1225 3690 1254 3742 et
1278 3679 1330 3745 28.
1370 3681 1403 3743 ln

258 3807 316 3869 qua
348 3787 496 3869 permulta
528 3789 719 3849 inveniuntur
748 3786 858 3848 Christi
888 3787 992 3868 verba,
1023 3785 1132 3866 quibus
1159 3790 1297 3866 exposuit
1329 3807 1402 3870 quae

258 3915 391 3977 quasque
410 3897 528 3956 virtutis
548 3902 745 3973 sequerentur
758 3895 898 3974 praemia.
929 3893 1004 3955 Nam
1017 3893 1118 3955 Matth.
1132 3889 1163 3976 5,
1177 3889 1198 3954 3
1213 3912 1276 3973 sqq.
1295 3895 1404 3975 simpli·

258 4006 338 4065 cium
361 4003 515 4064 hominum
534 4019 599 4063 esse
621 4020 747 4081 regnum
766 4001 907 4084 caeleste,
929 4001 1139 4062 consolationis
1156 4001 1317 4080 participes
1340 4001 1403 4061 iore

257 4110 407 4191 lugentes,
431 4110 580 4190 expletum
602 4110 641 4169 iri
663 4109 770 4170 famem
794 4126 911 4189 eorum,
935 4109 986 4187 qui
1009 4109 1152 4170 iustitiam
1175 4109 1326 4169 esurirent
1348 4117 1403 4169 eto.

258 4217 445 4290 Quaesivisse
468 4218 560 4296 igitur
579 4215 754 4277 statuendus
777 4223 824 4276 est
841 4213 981 4295 luhanus,
1005 4214 1143 4276 curaliis
1165 4213 1325 4275 virtutibus
1349 4215 1403 4274 slia

256 4327 388 4405 praemia
415 4331 516 4385 essent
542 4323 689 4403 promissa
711 4322 794 4404 talia;
821 4324 870 4383 cui
897 4322 1052 4402 respondit
1074 4322 1212 4403 Cyrilhrs:
1241 4316 1402 4392 ἀνάλογοι

257 4433 325 4494 τοῑε
349 4427 481 4492 ἑκάετου
505 4427 744 4506 κατομθώμαειν
766 4428 786 4505 ἡ
809 4431 865 4504 τῆ(
889 4424 1021 4504 ἀμοιβῆς
1044 4423 1214 4490 ἀντέκτιειε
1237 4424 1298 4488 κτὲ.
