3192 4906
533 294 535 298 .
558 243 600 297 De
618 243 719 299 iuliani
738 244 872 300 librorum
891 243 963 300 faiis.
1294 246 1334 308 91

189 408 296 483 λέγειν
310 408 461 487 ἐθέλοιεν,
480 407 588 486 ὥςπερ
607 409 642 474 έν
657 408 843 492 δικαςτηρίιμ
863 409 960 488 μηδέν
975 408 1093 475 ἔξωθεν
1108 415 1336 489 πολυπραγμο-

189 521 272 598 νεῖν,
299 517 390 595 μηδὲ,
417 516 455 578 τὸ
480 514 670 598 λεγόμενον,
698 515 972 599 ἀντικατηγορεῖν,
1005 517 1066 580 ’έως
1094 517 1134 581 ἂν
1160 515 1240 595 ὑπἐρ
1271 521 1337 581 τῶν

189 623 329 700 πρώτων
352 621 617 702 ἀπολογήςωνται
641 623 702 687 κτὲ.
740 626 802 686 lam
825 645 895 687 varo
919 626 1064 706 lulianus,
1087 625 1139 686 ubl
1162 627 1199 686 de
1222 626 1337 705 legibus

189 751 205 791 a
224 731 318 791 Numa
343 731 409 791 latis
429 730 517 791 verba
536 732 615 812 facit,
639 741 776 793 auctores
800 731 946 794 bonorum
969 732 1087 793 illorum
1110 732 1177 793 urbi
1201 732 1336 794 datorum

188 838 262 900 dicit
286 839 378 899 luisse
397 838 515 899 oracula
540 838 640 898 divino
658 841 764 919 spiritu
785 840 925 919 praedita.
964 839 1040 900 Sunt
1059 848 1158 900 aulem
1180 839 1253 900 haee
1273 842 1337 900 elus

189 943 280 1004 verba
303 962 331 1023 p.
348 941 458 1004 totu:
482 941 589 1005 Ταθτα
613 942 671 1020 μὲν
695 943 753 1008 οὖν
777 943 812 1008 ἐκ
835 949 973 1021 κατοχῆς
991 944 1043 1007 καὶ
1061 942 1228 1006 ἐπιπνοίας
1252 941 1338 1008 θείας

189 1047 224 1112 ἐκ
246 1068 282 1112 τε
306 1051 373 1111 τῶν
395 1052 451 1126 τῆς
475 1049 626 1128 (ιβύλλης
649 1051 700 1114 καί
723 1053 798 1114 τῶν
812 1047 936 1128 ἄλλων,
965 1049 995 1113 οἱ
1018 1052 1057 1129 δὴ
1086 1049 1235 1128 γεγόναςι
1258 1050 1338 1113 κατὰ

187 1158 247 1233 τὴν
262 1153 397 1232 ποίτριον
412 1157 526 1234 φωνὴν
546 1155 767 1236 χρηςρολόγοι,
786 1156 934 1235 φαίνεται
954 1158 1029 1221 δοὺς
1045 1155 1063 1220 ὁ
1078 1157 1160 1222 Ζεὺς
1178 1162 1216 1241 τῇ
1232 1155 1337 1239 πόλεις

189 1264 268 1325 idem
292 1283 320 1342 p.
342 1261 451 1326 198u:
482 1263 520 1326 τὸ
549 1263 610 1341 γὰρ
639 1263 674 1326 ἐκ
698 1267 782 1328 θεῶν
810 1263 854 1327 εἰς
882 1261 1074 1342 ἀνθρώπους
1100 1263 1339 1342 ἀφικνούμενον

189 1372 316 1446 πνεῦμα
339 1367 501 1432 ςπανιάκις
525 1370 582 1447 μὲν
606 1370 656 1433 καὶ
679 1370 716 1434 ἐν
740 1369 860 1447 ὀλίγοι(
880 1369 1000 1446 γίνεται
1023 1371 1084 1434 κτέ.
1123 1373 1225 1434 Divina
1248 1375 1339 1451 igitur

189 1477 341 1558 praedicat
369 1477 500 1559 oracula,
533 1475 622 1540 θείαν
651 1481 798 1559 significat
825 1499 890 1540 esse
924 1477 1094 1543 ἐπίπνοιαν
1128 1488 1159 1540 at
1189 1479 1337 1557 κατοχήν.

190 1585 301 1647 Contra
315 1593 403 1664 atque
415 1585 527 1646 luliano
544 1585 664 1665 placuit,
674 1586 710 1646 de
721 1586 934 1667 ohresmologis
944 1587 1150 1648 Theodoretus
1160 1584 1340 1667 puteos:

192 1690 243 1754 καὶ
266 1689 306 1752 τὰ
330 1671 390 1768 inq
415 1689 473 1754 οὐκ
497 1689 532 1754 ἐκ
554 1710 641 1754 τινος
665 1695 812 1769 θειαςμοῦ
836 1692 888 1755 καὶ
912 1696 1048 1770 κατοχῆς
1072 1693 1187 1769 λέγειν,
1210 1688 1281 1754 ἀλλ>
1304 1691 1339 1755 ἐκ

189 1802 245 1876 τῆς
269 1795 519 1873 Ἐμπεδοκλέους
542 1800 704 1862 ςυλῶντας
727 1800 891 1876 ποιήςεως.
933 1801 1036 1879 Neque
1056 1801 1271 1880 neglegendum
1294 1809 1341 1861 ast

191 1906 368 1985 quibusdam
389 1905 460 1966 locis
475 1906 672 1968 Galilaeorum
692 1909 810 1968 nomine
826 1909 869 1968 uti
884 1907 1104 1968 Theodoretum
1119 1915 1149 1968 et
1167 1909 1203 1967 iis
1218 1906 1339 1985 quidem

191 2012 300 2092 qulbus
324 2015 433 2072 maiora
457 2030 545 2091 quam
568 2013 716 2074 Romanos
745 2016 865 2094 exponit
886 2013 953 2073 illos
977 2015 1124 2095 effecisse3
1153 2013 1232 2075 unde
1260 2013 1339 2074 vide·

191 2130 241 2180 tur
265 2138 330 2180 esse
355 2118 552 2198 colligendum
575 2139 644 2180 eum
668 2121 714 2180 his
738 2120 809 2180 locis
833 2121 1044 2200 perstrinxisse
1068 2120 1226 2196 lulianum,
1250 2139 1338 2199 quem

193 2228 307 2286 minimi
326 2244 392 2286 sese
411 2228 566 2286 aestimare
587 2226 770 2287 Christianos
789 2245 824 2287 eo
843 2227 1009 2288 ostendisse
1029 2245 1114 2287 nemo
1135 2231 1238 2307 nescit,
1260 2227 1338 2306 quod

192 2333 248 2392 alio
263 2350 424 2411 numquam
439 2351 490 2393 eos
509 2329 627 2393 nornine
644 2336 701 2394 nisi
715 2333 911 2394 Galilaeorum
926 2335 1114 2412 significaret.
1146 2335 1341 2395 Inveniuntur

192 2447 291 2501 autern
306 2441 370 2499 eius
386 2439 465 2498 modi
479 2437 535 2499 loci
549 2441 579 2498 in
595 2439 775 2502 Theodoreti
793 2439 876 2500 libris
896 2449 971 2501 tres:
991 2439 1109 2500 Primus
1124 2461 1151 2521 p.
1163 2439 1237 2522 337,
1250 2439 1341 2502 lOG:

193 2543 322 2623 εὑρήςει
345 2542 407 2620 γὰρ
430 2544 506 2606 τοὺς
530 2544 587 2621 μέν
617 2540 674 2628 (so.
696 2542 858 2623 Ἑλλήνων
887 2545 937 2607 καὶ
959 2543 1126 2623 Ῥωμαίων
1149 2542 1340 2628 νομοθέτας)

192 2651 269 2715 οὐδὲ
288 2650 364 2713 τοὺς
384 2647 522 2727 ὁμόρους
546 2649 715 2713 πείςαντας
740 2650 820 2713 κατὰ
842 2651 918 2715 τοὺς
938 2653 1029 2729 ςφῶν
1049 2652 1267 2717 πολιτεύεςθαι
1287 2649 1340 2714 νό·

193 2774 284 2836 μους·
307 2757 383 2820 τοὺς
402 2757 437 2820 δέ
458 2755 643 2820 Γαλιλαίους
662 2756 700 2820 οὐ
720 2755 821 2835 μόνον
838 2757 1015 2836 Ῥωμαίους
1034 2757 1233 2837 πεπεικότος,
1258 2757 1342 2822 ἀλλὰ

193 2865 244 2928 καὶ
263 2863 391 2927 ἅπαντα
409 2866 476 2927 τῶν
496 2863 665 2942 βαρβάρων
683 2864 723 2927 τὰ
742 2867 830 2942 φῦλα
849 2866 907 2943 τὴν
926 2863 1134 2944 εὐαγγελικὴν
1152 2864 1341 2943 νομοθεςίαν

193 2969 395 3035 ἀςπᾰςαςθαι.
432 2970 520 3034 Alter
539 2993 566 3052 p.
590 2971 666 3054 352,
680 2971 700 3034 6
716 2974 748 3054 G,
772 2973 823 3034 ubi
845 2973 883 3061 ue
902 2974 1003 3034 Persis
1022 2977 1131 3052 agitur:
1155 2971 1206 3034 nui
1227 2971 1340 3034 τούςδε

193 3079 269 3142 τοὺς
297 3076 415 3155 νόμους
443 3075 518 3154 παρ’
545 3075 674 3156 ἀνδρῶν
704 3076 879 3141 Γαλιλαίων
909 3077 1074 3143 ἐδέξαντο·
1110 3077 1161 3141 καὶ
1192 3078 1251 3155 τὴν
1284 3076 1341 3154 μέν

193 3183 360 3261 Ῥωμαίων
375 3183 562 3248 ουναςτείαν
576 3183 634 3247 οὐκ
649 3183 780 3262 ἐδειςαν,
797 3189 834 3267 τῇ
850 3185 885 3247 οὲ
900 3187 959 3248 τοῦ
974 3185 1211 3262 ςταυρωθέντος
1224 3180 1340 3247 ὑπετὰ-
1404 3261 1407 3263 ,

193 3311 293 3370 γηςαν
318 3290 465 3373 βαςιλείᾳ.
507 3293 607 3353 Tertio
636 3301 734 3353 autern
761 3293 825 3354 loco
849 3313 877 3373 p.
892 3291 966 3374 406,
981 3291 1001 3354 2
1016 3293 1054 3374 G,
1083 3293 1135 3353 ubi
1164 3311 1231 3354 cum
1260 3291 1341 3352 salsis

195 3401 376 3461 Graecorum
399 3399 526 3459 oraculis
550 3400 703 3460 verissima
726 3407 757 3460 et
779 3398 973 3460 saluberrima
997 3409 1147 3479 comparat
1165 3399 1341 3460 ludaeorum

197 3517 227 3569 et
246 3505 494 3587 Christianorum,¹
514 3507 587 3566 haeo
610 3507 674 3566 eius
698 3508 891 3567 inveniuntur
914 3506 1016 3567 verba:
1040 3506 1098 3582 τὴν
1121 3503 1181 3581 γὰρ
1206 3504 1244 3582 δὴ
1268 3503 1342 3581 μίαν

194 3601 261 3675 τῶν
289 3609 480 3677 ἀποςτόλων
508 3615 668 3690 γλῶτταν,
697 3611 866 3677 Γαλιλαίαν
890 3611 1000 3691 οὖςαν,
1034 3610 1078 3675 εἰς
1104 3610 1161 3674 τὰς
1189 3609 1342 3675 ἁπάντων

195 3722 261 3782 τῶν
290 3718 394 3782 ἐθνῶν
422 3718 602 3796 κατεμέριςε
631 3717 789 3794 γλώττας,
817 3719 868 3781 καὶ
897 3719 1134 3798 προςενήνοχεν
1162 3717 1257 3783 ἅπαςι
1285 3720 1343 3796 τὴν

195 3827 351 3904 ςωτήριον
379 3827 494 3904 κλῆςιν.
533 3827 703 3887 Simillimus
728 3809 816 3887 etiam
839 3826 951 3888 Iuliano
980 3827 1205 3906 argumentandi
1228 3830 1342 3888 rationo

197 3942 243 3994 est
267 3933 447 3995 Theodoreti
470 3934 553 3995 loous
576 3952 604 4013 p.
620 3930 684 3995 362
700 3934 732 3994 G.
748 3952 825 4014 sqq,
848 3932 899 3994 ubi
923 3941 1132 4013 comparantur
1155 3933 1343 3994 detestabiles

194 4039 326 4101 Platonis
359 4039 439 4120 leges
467 4060 535 4101 erun
564 4040 799 4102 Christianorum
831 4042 975 4101 institutis
1007 4039 1200 4101 admiratione
1233 4041 1342 4119 ‹lignis-

195 4150 289 4208 simis.
331 4145 369 4207 Et
392 4146 598 4208 Theodoretus
622 4147 742 4226 quidem
765 4148 860 4231 utitur
887 4144 986 4206 verbis
1009 4143 1044 4206 ἐκ
1067 4146 1276 4224 παραλλήλου
1299 4165 1343 4208 τι-

194 4254 295 4330 θέναι,
318 4253 453 4315 'lulianus
482 4257 653 4336 saepissime
678 4254 749 4314 dicit
768 4249 994 4330 παραβάλλειν.
1031 4252 1126 4323 Quem
1154 4253 1343 4332 comparandi

194 4360 331 4443 modum,
361 4379 450 4440 quem
483 4379 548 4422 sese
577 4359 779 4421 adhibiturum
801 4377 867 4421 esse
899 4361 1053 4439 professus
1081 4368 1128 4419 est
1158 4361 1189 4419 in
1219 4358 1341 4438 prologo
