3192 4906
529 281 570 337 ne
589 282 691 337 ranan
709 283 789 338 nura
807 284 996 339 restituenda.
1233 320 1238 329 .
1276 273 1338 350 125

193 447 294 530 verba,
323 448 369 508 bis
392 451 490 510 causis
513 459 667 529 permotus
691 470 813 531 censeo,
842 453 919 530 qrrod
944 452 1027 513 deest
1055 455 1240 514 enuntiatum
1264 448 1338 513 ‘nisi

191 557 227 616 de
252 556 357 616 arbore
382 552 507 617 edisset’
537 565 567 617 et
590 557 668 635 quod
691 557 871 619 levissimum
896 561 987 620 fnisse
1012 559 1123 620 Mosem
1153 563 1209 619 iam
1237 562 1336 638 priore

190 663 256 724 loco
280 663 516 754 demonstratum
539 672 593 724 est.

281 877 360 938 11333
384 879 420 938 (13
444 880 554 959 primo,
578 879 635 938 iam
660 898 728 940 vero

557 980 594 1046 de
617 981 720 1047 altero
743 981 863 1047 Iuliani
886 981 969 1047 libro

193 1092 351 1167 videamus,
363 1092 433 1170 quid
444 1090 529 1152 nobis
540 1095 578 1153 sit
589 1091 739 1176 traditum,
750 1094 820 1172 quid
832 1093 1004 1154 coniciendo
1016 1095 1164 1173 possimus
1176 1094 1337 1174 explorare.
1377 1102 1382 1194 J

281 1197 414 1258 Primum
437 1199 547 1259 librum
575 1199 637 1260 fere
660 1202 809 1279 mtegrum
837 1203 996 1261 restituere
1015 1200 1098 1279 ficet,
1126 1199 1251 1261 aiterum
1279 1219 1339 1260 non
1367 1212 1376 1315 ,³

193 1308 273 1366 item.
306 1304 397 1366 Cuius
420 1307 464 1365 rei
484 1324 570 1367 causa
590 1305 663 1366 haec
682 1315 737 1388 est,
760 1307 836 1386 quod
858 1326 895 1368 ne
914 1327 972 1368 una
992 1307 1112 1386 quidem
1131 1307 1253 1368 atterius
1271 1306 1341 1367 libri
1367 1324 1368 1337 ¹

193 1413 332 1472 refutatio
352 1412 387 1472 ad
407 1419 539 1472 nostram
559 1415 694 1491 pervenit
713 1422 848 1495 aetatem,
871 1414 949 1493 qnod
970 1417 1057 1474 etiam
1077 1416 1176 1494 operis
1191 1342 1376 1622 Cyriilianix}

194 1521 245 1597 qni
264 1518 412 1579 decimum
431 1518 631 1598 sequebantur
650 1519 718 1579 libri
737 1520 931 1598 deperierunt
954 1521 989 1580 ad
1009 1540 1100 1581 unum
1121 1539 1232 1581 omnes.
1266 1519 1339 1580 Cen·
1364 1586 1367 1593 ,

194 1625 305 1685 sendus
333 1633 430 1686 autem
455 1633 501 1685 est
524 1623 651 1704 Cyrillns
678 1627 714 1685 113
738 1626 927 1708 criminibus,
955 1645 1030 1705 quae
1058 1626 1151 1687 altero
1174 1625 1250 1686 libro
1274 1644 1340 1705 pro-

194 1733 303 1794 tulerat
321 1732 461 1812 13113333,
485 1730 678 1792 defendendis
697 1735 919 1813 consumpsisse
939 1735 1039 1811 operis
1063 1735 1110 1793 sui
1132 1731 1225 1792 libros
1249 1732 1340 1792 unde·

194 1843 303 1901 cimum
336 1856 431 1918 nsque
462 1837 497 1897 ad
531 1823 711 1900 vicesimum.
754 1838 839 1910 Quod
873 1847 907 1898 ut
934 1839 1005 1899 mibi
1038 1839 1262 1918 persuaderem,
1294 1837 1341 1898 his

194 1949 292 2006 causis
316 1964 381 2007 sum
410 1953 571 2023 permotus.
613 1927 686 2006 Nam
713 1964 779 2006 cum
809 1946 882 2006 aiter
905 1944 1009 2006 1311331
1036 1945 1112 2006 liber
1140 1945 1341 2024 magnitudine

194 2056 258 2113 sinc
274 2052 363 2113 dubio
384 2033 446 2111 fere
465 2062 607 2129 aequaret
624 2055 754 2132 primum
769 2071 866 2131 neque
881 2052 917 2113 de
938 2055 1060 2113 minoris
1079 2055 1222 2113 momenti
1241 2059 1342 2130 ageret

195 2159 300 2240 rebuS,
329 2160 417 2218 etiam
440 2159 561 2220 alterius
588 2160 728 2219 refutatio
756 2177 883 2238 aequare
913 2159 1015 2219 debuit
1042 2157 1244 2240 priorem3'et
1268 2177 1339 2219 cum

195 2269 279 2346 quini
306 2265 493 2327 refutationis
520 2264 588 2325 libri
612 2269 720 2326 artiore
743 2267 870 2344 quodam
894 2265 1009 2326 vinculo
1033 2267 1111 2327 inter
1134 2285 1166 2326 se
1190 2268 1341 2327 coniuncti
1395 2253 1397 2258 1

195 2380 304 2453 essent,
328 2371 434 2433 confici
453 2372 599 2433 debebant
617 2371 663 2432 bis
682 2375 814 2452 quinque
833 2373 910 2461 libri,
929 2374 954 2433 si
973 2372 1104 2452 paullum
1128 2372 1214 2432 modo
1234 2390 1339 2452 aequa-

195 2479 301 2540 bilitati
325 2479 439 2540 studuit
462 2478 596 2559 Cyrilfus.
633 2478 698 2540 Huc
723 2480 849 2556 accedit,
878 2480 957 2560 quod
981 2480 1073 2541 altero
1101 2479 1176 2540 fibro
1200 2481 1230 2539 in
1255 2497 1340 2539 evan·
1399 2490 1401 2496 ’

195 2587 271 2665 gelia
293 2605 359 2646 3333
382 2587 569 2645 invecturum
593 2604 658 2646 esse
682 2589 924 2665 pronuntiaverat
941 2586 1072 2659 Iulianus
1096 2580 1138 2668 (p.
1157 2583 1256 2647 218t
1275 2585 1341 2664 (lyr.
1406 2653 1409 2660 ,

196 2692 262 2754 coli.
281 2710 348 2753 cum
368 2689 466 2751 261Ε
486 2687 580 2774 Cyr.);
603 2710 637 2752 ac
656 2711 693 2752 ne
716 2694 826 2754 inuno
846 2694 965 2772 quidem
985 2713 1021 2754 ex
1040 2692 1140 2772 Cyriffi
1160 2695 1341 2772 fragmentis,

197 2818 271 2878 quae
295 2799 372 2860 baud
391 2801 432 2858 ita
450 2817 542 2878 pauca
561 2799 597 2859 ad
616 2819 671 2860 nos
694 2809 896 2879 pervenerunt
914 2799 1057 2861 librorum
1077 2801 1226 2860 undecimi
1245 2817 1340 2878 nsque

147 2917 151 2923 '
197 2905 233 2966 ad
252 2905 533 2986 duodevicesimum,
557 2888 681 2966 (1331113
701 2909 798 2985 agitur
816 2925 916 2967 sacrae
937 2909 1101 2986 scripturae
1125 2906 1197 2966 locis
1216 2908 1274 2965 nisi
1292 2905 1341 2965 de-

197 3014 342 3091 promptis
361 3029 397 3071 33
417 3011 582 3090 evangeliis
615 3012 804 3092 Disceptatur
822 3023 921 3074 autem
940 3015 1142 3074 controversia
1162 3013 1341 3091 fragmentis,

197 3137 272 3197 quae
297 3137 332 3178 ex
351 3117 410 3180 XV.
430 3126 460 3178 et
478 3116 550 3179 XVl.
589 3118 689 3198 Cyrilli
711 3119 794 3180 libris
817 3117 991 3200 deprompta
1011 3127 1088 3179 sunt
1125 3119 1198 3179 Nam
1222 3120 1247 3178 si
1271 3096 1372 3177 duo-w

196 3225 253 3286 bus
272 3225 376 3285 iuliani
398 3223 482 3284 libris
506 3225 596 3285 altera
620 3225 729 3286 decade
752 3226 963 3307 respondisset,
987 3225 1113 3286 aiterum
1130 3225 1210 3285 iilius
1233 3223 1342 3285 librum

197 3334 284 3392 tertia
308 3331 434 3410 pentade
462 3332 592 3392 refutare
617 3332 720 3392 debnit
743 3332 882 3410 Cyriflus,
907 3339 1010 3410 quarta
1034 3334 1163 3392 tertium.
1201 3329 1341 3392 Eiusdem

197 3445 297 3499 autem
320 3438 389 3499 fibri
412 3439 590 3499 refutatione
614 3438 705 3499 libros
729 3438 787 3498 XV.
812 3449 842 3499 et
865 3435 937 3499 XVI.
961 3447 1153 3518 consumptos
1177 3457 1243 3499 esse
1265 3440 1342 3514 frag-

199 3553 301 3606 menta·
320 3545 532 3606 demonstrant.
575 3544 745 3606 Videbimus
774 3549 853 3607 enim
881 3549 945 3606 eins
973 3548 1066 3626 partis
1089 3547 1189 3624 operis
1211 3545 1344 3622 lulianei,

200 3669 275 3730 quae
298 3653 329 3712 in
352 3651 543 3730 vituperanda
567 3651 677 3713 Christi
705 3655 838 3714 oratione
862 3653 892 3712 in
917 3661 1016 3712 monte
1039 3652 1138 3714 babita
1162 3653 1343 3735 versabatur,

105 3763 110 3772 '
199 3776 355 3818 censuram
380 3760 475 3837 egisse
499 3758 639 3837 Cyridnm
668 3778 727 3820 non
751 3763 849 3822 minus
877 3759 953 3820 libro
975 3757 1034 3820 XV.
1058 3777 1146 3837 quam
1169 3758 1242 3820 XVI.
1280 3761 1343 3831 Qua

200 3862 405 3924 observatione
429 3867 562 3943 quaestio
591 3865 778 3927 diiudicatur.
819 3865 941 3927 Videtur
969 3874 1067 3926 autem
1096 3885 1162 3927 esse
1190 3879 1343 3928 consenta-

201 3987 288 4031 neum
317 3969 421 4031 eodem
449 3971 511 4030 fere
540 3971 627 4030 modo
651 3981 739 4050 atque
767 3975 895 4052 primum
920 3992 935 4032 a
959 3972 1066 4052 Cyrilfo
1094 3973 1254 4034 refutatum
1278 3991 1343 4034 esse

199 4077 308 4138 librum
333 4077 471 4157 aiterum3
499 4097 596 4157 neque
624 4087 722 4139 tamen
750 4096 874 4157 prorsus
900 4079 1013 4140 eodem.
1050 4079 1122 4140 Nam
1153 4083 1343 4158 cognovimus

201 4184 284 4245 ilium
320 4188 351 4245 in
385 4187 475 4265 primi
510 4185 577 4245 fibri
614 4185 712 4246 verbis
750 4185 918 4246 adferendis
955 4204 1176 4265 nonnumquam
1214 4194 1342 4247 mutasse

202 4291 336 4352 ordinem
360 4290 396 4352 ab
420 4295 484 4373 ipso
507 4293 618 4354 Iuliano
642 4295 844 4354 constitutum.
871 4293 1000 4379 ¹Diuerat
1024 4301 1122 4354 antem
1141 4313 1168 4372 p.
1188 4289 1264 4353 3813
1279 4311 1343 4372 sqq.

202 4398 239 4458 de
263 4399 355 4459 solius
378 4397 446 4459 libri
470 4401 558 4479 primi
577 4402 791 4460 sententiarum
815 4399 918 4460 ordine
943 4399 1048 4460 meiius
1072 4381 1247 4478 quibusdam
1270 4401 1343 4460 locis
