3192 4906
278 317 341 382 130
773 315 864 386 Caput
881 317 915 373 II.

274 482 382 562 κύριο(
411 502 509 564 neque
541 486 650 545 iterare
683 480 702 544 ὁ
734 482 884 561 διάβολος
917 486 981 544 eius
1013 501 1131 562 quoque
1162 484 1241 560 quod
1273 483 1422 545 antecedit

275 594 419 653 enuntiati
438 590 614 652 subiectum.
644 585 677 672 7)
701 590 755 652 Th.
773 591 810 652 M.
823 585 882 674 Ι15,
904 587 945 650 14
959 608 1022 669 sqq.
1043 592 1171 670 exponit,
1191 608 1227 650 ex
1246 590 1344 651 verbis
1363 589 1422 652 οὐκ

274 695 468 774 ἐκπειράεει(
490 695 600 773 κύριον
623 695 681 759 τὸν
700 695 776 759 θεόν
796 716 851 758 coo
869 699 990 756 minime
1010 699 1095 775 sequi
1118 697 1267 757 diabolum
1289 706 1421 760 tentasse

274 806 372 887 deum,
396 806 448 867 sed
469 806 627 866 hominem.
663 804 742 886 Ergo
762 807 885 865 miratus
909 812 972 864 erat
990 803 1122 864 lulianus
1140 800 1250 864 diaboli
1272 807 1421 865 temerita-

273 921 333 974 tem
357 916 387 975 in
410 916 605 974 tentationem
623 914 755 973 vocantis
777 911 874 972 deum.
911 910 974 971 Alia
997 911 1053 971 luit
1070 909 1177 971 Iuliani
1196 910 1360 993 admiratio,
1384 912 1420 971 de

273 1039 330 1100 qua
353 1023 450 1100 primo
469 1021 534 1096 loco
554 1023 677 1101 egimuS,
700 1018 752 1079 ubi
771 1037 831 1078 non
850 1017 958 1077 diaboli
977 1019 1174 1078 temeritatem
1194 1020 1421 1098 vituperaverat,

272 1128 324 1187 sed
344 1127 504 1188 daemones
524 1126 603 1204 quod
622 1126 678 1186 alia
696 1126 829 1186 fecerant
848 1134 936 1203 atque
951 1127 1085 1204 ipsorum
1099 1127 1247 1205 princeps
1279 1119 1314 1207 8)
1328 1125 1422 1204 Negat
1466 1132 1470 1140 '

272 1232 325 1292 Th.
344 1233 381 1294 M.
404 1230 458 1314 16,
474 1231 493 1294 3
509 1252 573 1312 sqq.
610 1233 761 1293 Christum
789 1231 888 1291 verbis
917 1229 1027 1306 κύριον
1054 1229 1112 1292 τὸν
1142 1228 1298 1294 osorton
1326 1250 1422 1308 npoc-

271 1339 413 1414 κυνήεειε
441 1338 492 1400 καὶ
529 1336 617 1420 αὐτῷ
655 1336 744 1419 μόνῳ
779 1334 960 1414 torpescet
991 1341 1120 1399 vetuisse
1151 1358 1234 1399 suam
1266 1342 1359 1420 ipsius
1392 1349 1424 1400 et

272 1448 395 1525 spiritus
415 1448 509 1506 sancti
528 1446 739 1512 adorationem.
777 1445 855 1525 Ergo
876 1447 1005 1506 vetuisse
1025 1463 1092 1506 eum
1111 1454 1269 1506 censuerat
1282 1444 1422 1526 lulianus,

271 1552 302 1613 id
321 1554 399 1632 qnod
424 1555 523 1633 magni
541 1555 605 1614 sine
624 1552 714 1614 dubio
735 1561 781 1613 est
801 1555 952 1616 momenti.
990 1551 1076 1612 Aliud
1096 1555 1175 1613 enim
1194 1552 1279 1613 Celso
1303 1553 1422 1636 placuit,

271 1663 323 1739 qui
351 1659 387 1720 ab
414 1663 480 1740 ipso
508 1660 575 1720 lesu
609 1659 743 1719 fraudem
772 1676 837 1718 esse
866 1659 1029 1738 prolectam
1063 1662 1232 1738 autumavit.
1274 1661 1317 1721 Cl.
1341 1660 1421 1740 Orig.

270 1786 295 1827 c.
319 1767 394 1827 Cels
417 1765 491 1829 111.
513 1772 540 1828 7.

831 1871 858 1934 7.

358 1999 461 2080 Neque
480 2002 579 2060 minus
602 1999 658 2058 hoe
681 1997 747 2058 loco
770 1997 941 2078 ponendum
961 2017 1026 2058 esse
1046 1999 1123 2058 aliud
1143 1997 1249 2059 Iuliani
1272 1999 1419 2077 lragmen·

270 2114 332 2166 tum
361 2124 377 2165 a
404 2106 561 2167 Theodoro
589 2105 798 2186 Mopsuesteno
828 2113 976 2165 servatum
1005 2124 1040 2165 eo
1075 2105 1309 2188 demonstratur,
1340 2107 1419 2186 quod

269 2220 454 2292 compertum
474 2213 617 2274 habemus
636 2212 673 2272 de
694 2212 796 2272 eadem
815 2230 848 2271 re
864 2210 1006 2290 Cyrillum
1025 2214 1121 2290 egisse
1140 2210 1216 2271 libro
1236 2212 1420 2273 duodecimo.

269 2318 310 2378 tt
319 2318 509 2379 undecimum
517 2319 618 2399 Cyrilli
626 2321 823 2398 fragmentum
832 2311 1137 2401 (Mansi,s.conc.coll.
1145 2312 1418 2399 Xl.p.409Dsqq.).

268 2424 464 2486 Inveniuntur
487 2436 585 2487 autem
609 2426 714 2487 Iuliani
738 2425 828 2486 verba
857 2425 933 2504 apud
962 2425 1016 2487 Th.
1039 2425 1076 2486 M.
1100 2445 1127 2505 p.
1150 2423 1205 2507 16,
1220 2424 1239 2488 8
1255 2461 1292 2470 -
1308 2423 1362 2507 16,
1379 2425 1417 2488 11

267 2531 428 2612 Fritzsche,
452 2533 560 2612 quibus
584 2533 620 2592 de
644 2535 815 2612 precatione
839 2535 950 2614 agitur,
976 2551 1064 2612 quam
1087 2532 1171 2594 lesus
1200 2532 1270 2594 lecit
1294 2551 1329 2593 eo
1353 2533 1417 2593 loco

268 2641 318 2698 cui
340 2657 449 2699 nomen
473 2650 519 2701 est
543 2636 730 2715 Γεθεημανεί
754 2633 870 2722 (Matth.
886 2636 937 2721 26,
953 2633 1109 2722 36-46).

828 2798 856 2863 8.

356 2925 445 2985 Libro
465 2926 640 2988 duodecimo
665 2935 716 2987 aut
734 2927 823 2987 tertio
842 2925 957 2986 decimo
981 2943 1105 3015 necesse
1124 2935 1170 2986 est
1190 2924 1316 3006 Cyrillus
1338 2927 1416 2986 idem

268 3030 434 3093 defenderit
448 3032 554 3094 Iuliani
569 3036 691 3114 crimen,
709 3033 788 3112 quod
801 3031 986 3114 propulsavit
999 3030 1174 3092 Theodorus
1188 3031 1415 3113 Mopsuestenus

266 3158 293 3217 p.
312 3137 361 3220 18,
378 3138 492 3220 11000.
516 3140 564 3202 Fr.
602 3141 693 3202 Cuius
717 3160 732 3201 e
758 3139 857 3208 verbis
880 3139 937 3200 hoc
956 3138 1155 3218 intellegimus
1173 3138 1318 3201 lulianum
1342 3142 1414 3201 vitu-

265 3265 386 3324 perasse
410 3246 518 3328 lesum,
541 3248 620 3327 quod
644 3227 795 3322 ἐπαχθεὶς
818 3244 899 3322 πρὸ(
922 3238 1069 3322 Ἡρώδην
1092 3242 1189 3309 οὐδὲν
1213 3243 1341 3322 ἐποὶηεε
1365 3264 1413 3321 (η-

265 3349 400 3437 μεῖονῑ).
437 3353 519 3415 Idem
542 3357 656 3416 crimen
679 3352 827 3416 inlesum
849 3353 1018 3414 intenderat
1041 3352 1235 3432 philosophus
1254 3343 1414 3432 anonymus

265 3478 282 3518 a
304 3460 431 3520 Macario
456 3458 590 3540 Magnete
615 3468 749 3522 servatus
767 3459 808 3519 111
829 3457 845 3520 1
867 3479 894 3539 p.
909 3457 960 3521 52.

646 3746 677 3804 E
700 3746 809 3823 Cyritli
830 3748 909 3807 libro
932 3746 1026 3806 XIII.

824 3885 854 3949 9.

354 4009 505 4072 Certiores
524 4030 578 4072 nos
597 4013 711 4073 faciunt
729 4011 818 4073 verba
838 4020 958 4073 catenae
981 4015 1013 4072 in
1032 4012 1220 4092 apocalypsin
1239 4031 1256 4072 a
1275 4012 1414 4072 Cramero

266 4117 361 4178 editae
386 4111 457 4200 (vol.
481 4117 553 4178 VMl.
577 4138 604 4199 p.
624 4117 704 4200 287,
721 4117 740 4180 6
757 4138 820 4198 sqq.
845 4121 881 4180 cl.
902 4119 967 4199 Cpr.
989 4121 1027 4198 lg.
1051 4112 1106 4203 11)
1134 4122 1165 4179 in
1189 4118 1416 4180 subditiciorum

337 4274 362 4341 t)
379 4271 519 4326 Theodori
533 4273 619 4327 verba
633 4291 659 4343 p.
677 4279 719 4341 18,
736 4279 781 4328 lt:
807 4275 907 4341 ’lq'cotc
921 4276 952 4327 δὲ
966 4275 1093 4341 ἐπαχθεὶς
1106 4275 1176 4341 πρὸ(
1191 4275 1317 4341 Ἡρώδην
1332 4275 1415 4327 οὐδὲν

263 4360 373 4428 {coines
387 4367 505 4430 (ημεῖον,
525 4361 622 4429 καίπερ
638 4360 745 4434 ιἐκείνου
760 4363 961 4428 ἐπιθυμοῦντος
979 4362 1047 4417 ἰδεῖν
1066 4366 1083 4431 ἢ
1104 4361 1217 4416 ἀκοῦεαί
1234 4380 1261 4416 τι
1275 4364 1416 4432 λέγοντος,

263 4451 357 4517 ἐπειδὴ
377 4453 436 4518 ᾐδει
456 4452 495 4504 ὼ(
513 4452 565 4504 οὐκ
583 4451 827 4518 εὐεργετηθήεεται
846 4453 901 4504 κτὲ.
