3194 4904
570 325 612 378 De
630 322 731 378 Iuliani
748 323 885 378 librorum
903 322 978 378 fabis.
1304 322 1345 384 31

199 510 252 552 nos
275 491 367 552 libris.
405 491 465 551 lam
494 509 564 552 vero
593 509 661 550 cum
691 489 721 550 id
745 488 866 550 dubium
897 506 961 549 esse
990 505 1049 548 non
1078 489 1185 567 possit,
1216 489 1287 566 quin
1316 489 1347 546 in

197 598 272 659 libro
286 598 408 659 Diodori
430 601 522 678 gratia
544 607 646 659 contra
665 597 811 658 lulianum
831 598 941 675 scripto
959 597 1047 655 etiam
1066 592 1224 654 Photinum
1243 594 1366 655 haere·'

111 707 112 710 ’
202 705 345 766 siarcham
371 724 528 785 aggressus
553 707 591 766 sit
614 705 677 785 ille,
700 706 786 764 cuius
810 705 990 764 mentionem
1019 701 1139 761 fecisset
1160 700 1291 776 lulianus
1314 703 1345 761 in

197 811 283 872 libris
307 813 369 872 suis
392 819 495 872 contra
520 811 704 872 Christianos
728 802 887 892 scriptis‚¹)
916 809 981 869 fieri
1004 827 1064 868 non
1086 817 1197 888 potest,
1221 817 1254 870 ut
1278 817 1344 868 ante

198 938 307 980 anunm
326 914 476 1000 378s379,
501 922 552 998 qui
575 920 693 979 initium
712 920 792 998 cepit
814 936 829 977 a
849 916 910 978 llal.
930 915 994 976 Oct.
1018 918 1088 976 anni
1106 913 1181 997 378,
1205 917 1345 995 scriptam

198 1045 263 1086 esse
285 1024 434 1086 Theodori
457 1043 632 1086 censeamus
655 1025 878 1105 refutationem,
903 1041 993 1103 quem
1016 1024 1228 1102 quinquaginta
1250 1021 1346 1102 paene

198 1135 283 1193 annis
316 1133 433 1192 fortiter
465 1149 646 1211 repugnasse
678 1133 793 1192 eunetis
825 1130 999 1191 haeresibus
1033 1133 1190 1191 memoriae
1226 1128 1346 1189 tradidit

197 1239 320 1300 loannes
353 1241 511 1318 episeopus
551 1256 566 1297 a
599 1237 737 1298 Facundo
774 1231 952 1320 laudatusf)
1003 1237 1066 1308 Qua
1099 1244 1196 1297 autem
1228 1237 1345 1315 potissi·

196 1365 277 1407 mum
315 1349 344 1406 in
383 1345 458 1405 urbe
490 1344 639 1425 putandus
677 1351 722 1404 est
759 1343 934 1404 Theodorus
971 1344 1146 1404 refutavisse
1179 1338 1346 1405 lulianum?

197 1453 416 1514 Commoratum
450 1469 608 1512 comesse
638 1468 697 1510 non
726 1451 896 1530 ignoramus
924 1449 1135 1531 Mopsuestiae‚
1162 1450 1261 1532 Tarsi,
1289 1451 1345 1511 hn-

197 1561 331 1621 tiochiae.
368 1558 539 1620 Antiochiae
569 1569 667 1618 autem
696 1559 834 1636 qnoniam
862 1560 926 1637 ipse
949 1557 1080 1618 lulianus
1103 1560 1264 1638 imperator
1291 1577 1345 1638 per

197 1667 323 1728 hiemem
349 1670 417 1728 anni
441 1662 583 1747 aculeos
613 1673 748 1724 versatus
776 1665 1001 1725 familiarissime
1032 1683 1104 1725 usus
1128 1674 1191 1726 erat
1215 1665 1346 1746 Libanio,

196 1776 289 1836 iratus
318 1777 370 1854 qni
398 1775 495 1852 ipsum
525 1772 649 1832 oderant
672 1770 879 1852 Antiochenis,
907 1790 966 1832 non
997 1774 1061 1832 sine
1090 1771 1187 1852 aliqua
1215 1775 1346 1834 veritatis

198 1883 296 1961 specie
320 1889 485 1942 statuemus
504 1879 693 1939 Theodorum
717 1881 748 1938 in
772 1878 826 1938 hac
849 1881 913 1958 ipsa
936 1876 1017 1966 urbe
1030 1879 1238 1939 refutationem
1263 1897 1345 1939 suam

199 1988 362 2068 scripsisse,
382 1986 574 2048 Antiochenis
590 1987 653 2046 sine
669 1985 759 2046 dubio
774 2004 811 2046 ne
831 1993 981 2046 mortuum
997 1985 1116 2065 quidem
1135 1987 1345 2065 imperatorem

198 2102 279 2178 grato
308 2095 450 2154 memoria
477 2096 658 2174 prosecutiS,
687 2095 751 2153 vivo
781 2095 933 2153 etiamtum
956 2091 1093 2173 Libanio,
1121 2111 1137 2152 a
1165 2111 1224 2171 quo
1252 2092 1345 2152 desci-

196 2206 277 2259 verat
295 2198 480 2281 Theodorus,
500 2218 567 2259 eum
587 2201 673 2260 initio
693 2201 756 2259 eius
775 2198 929 2278 disciplina
948 2217 1021 2259 usus
1041 2192 1158 2282 esset.³)
1196 2199 1255 2258 lam
1274 2217 1346 2259 vero

197 2323 275 2366 nnnc
298 2305 425 2367 alterum
448 2308 609 2366 terminum
633 2307 771 2385 indagare
795 2325 963 2387 possumus,
986 2315 1054 2367 ante
1078 2324 1166 2385 quem
1190 2305 1344 2385 ponendus

197 2414 235 2472 sit
257 2411 407 2484 Theodori
429 2412 512 2473 liber.
550 2411 593 2473 Ex
618 2413 900 2475 Theodoreti·enim
924 2413 1022 2474 verbis
1045 2413 1073 2474 h.
1093 2431 1118 2473 e.
1142 2412 1166 2470 V
1185 2410 1227 2473 39
1252 2412 1284 2476 ἓξ
1308 2411 1343 2472 δὲ

196 2516 246 2579 καὶ
259 2515 429 2594 τριάκοντα
443 2517 479 2580 ἐν
494 2523 531 2601 τῇ
546 2517 701 2600 προεδρίᾳ
715 2518 892 2581 διετέλειεν
906 2517 960 2596 ἔτη
977 2520 1105 2580 eflicitur
1115 2538 1192 2580 anno
1202 2514 1343 2600 392J393

197 2627 399 2706 episcopatum
413 2625 656 2706 Mopsuestenum
672 2646 739 2688 eum
759 2635 929 2688 assecutum
948 2644 1024 2708 esse,
1043 2645 1140 2704 neque
1155 2645 1225 2687 vero
1245 2629 1344 2687 statim

195 2853 367 2908 babucuclluc
390 2853 554 2920 άιιήλαυεεν.
588 2853 716 2906 Ἰωάννου
741 2853 771 2906 δὲ
794 2857 845 2908 του
870 2853 1016 2906 θειοτάτου
1039 2853 1186 2920 γεγένηται
1210 2851 1344 2905 κοινωνός

155 2971 157 2976 ·
194 2959 225 2996 τε
240 2945 284 2996 καὶ
294 2943 432 3010 (υνεργότ.
452 2947 530 3011 κοινῇ
545 2943 599 3008 γὰρ
613 2945 672 2995 τῶν
680 2946 875 3008 πνευματικῶν
886 2942 1033 3008 Διοδώρου
1044 2942 1176 3007 ναμάτων
1191 2941 1344 3008 άπήλαυον.

271 3033 296 3100 1)
316 3031 415 3102 Oyrilli
429 3029 508 3084 Alex.
524 3029 610 3084 elul.
628 3029 693 3084 VllI
711 3047 776 3103 pag.
791 3035 851 3084 262.
886 3030 945 3095 Quo
963 3029 1025 3084 loco
1041 3045 1208 3098 quamquam
1222 3029 1344 3082 Iulianus

196 3138 230 3174 ne
249 3119 401 3174 Photinum
419 3119 533 3187 quidem
556 3119 686 3173 laudibus
706 3117 797 3189 effert,
823 3119 911 3174 allato
928 3121 1024 3173 damen
1043 3119 1102 3173 eius
1121 3118 1261 3172 sententio
1280 3117 1344 3172 Dio-

197 3209 263 3263 doro
281 3207 397 3263 minime
420 3207 540 3278 probata
563 3207 671 3263 occasio
696 3207 763 3263 dabo
787 3210 849 3263 erat
866 3207 1015 3263 Theodoro
1038 3207 1069 3260 in
1091 3205 1280 3261 adversarium
1302 3205 1344 3260 in-

195 3297 324 3352 vehendi.

267 3389 294 3456 2)
314 3386 425 3442 Ioannis
444 3386 569 3457 episcopi
587 3386 673 3441 verba
687 3403 731 3455 ap.
746 3385 867 3440 Facund.
883 3403 933 3455 pro
952 3385 1113 3440 defensione
1131 3383 1217 3439 bium
1236 3384 1343 3454 capitu·

195 3477 286 3531 lorum
310 3477 358 3530 lib.
378 3476 412 3529 H.
435 3475 589 3544 (Gallandii
611 3475 679 3530 bibl.
708 3476 780 3544 patr.
799 3473 837 3528 XI
861 3493 886 3544 p.
907 3473 1025 3543 bssbbB):
1056 3473 1120 3529 ‘sed
1145 3475 1174 3529 eb
1201 3473 1251 3543 qni
1273 3474 1343 3528 bene

197 3564 231 3619 de
263 3565 323 3620 vita
350 3565 491 3635 profectus
523 3563 567 3618 est
593 3562 754 3618 Theodorus
783 3564 812 3617 eb
843 3564 966 3632 quinque
995 3565 1023 3618 et
1050 3563 1237 3633 quadraginta
1264 3561 1343 3616 annis

198 3653 271 3707 clare
303 3651 333 3707 in
365 3653 493 3707 doctrina
528 3651 707 3722 praefulsit'3
736 3671 763 3723 ρ.
783 3651 888 3708 6801)οε
931 3653 1108 3709 ‘Theodorus
1141 3653 1228 3720 enim,
1261 3667 1344 3721 quem

197 3742 308 3811 quando
327 3742 458 3810 dicimus,
477 3743 567 3798 virum
587 3741 705 3796 dicimus
728 3741 757 3796 in
780 3742 945 3812 episcopatu
964 3744 1070 3798 clarum
1090 3743 1174 3797 finem
1192 3743 1341 3796 habentem

196 3834 226 3886 et
253 3831 457 3901 quinquaginta
488 3848 576 3902 paene
608 3831 687 3886 anuis
718 3829 829 3886 fortiter
856 3835 1058 3903 repugnantem
1086 3831 1192 3886 eunctis
1223 3830 1344 3884 haeresi·

197 3920 262 3976 bus'
283 3937 343 3990 sqq.

269 4014 295 4078 3)
316 4009 439 4065 Socratis
457 4009 484 4064 h.
505 4027 528 4065 e.
548 4009 587 4064 VI
606 4016 631 4064 3.
667 4009 763 4064 Πείθει
787 4011 817 4064 δὲ
836 4011 882 4078 (se.
904 4011 1040 4080 Ἰωάννης)
1064 4012 1109 4064 καὶ
1127 4011 1276 4078 Θεόδωρον
1300 4011 1344 4063 aul

197 4101 332 4168 Μάξιμον,
351 4101 540 4166 ιυμφοιτητὰε
559 4101 636 4169 αὐτῷ
656 4101 739 4153 ὄντα(
757 4101 832 4166 παρὰ
850 4105 891 4170 τῷ
910 4105 1024 4168 copitar]
1039 4099 1165 4169 Λιβανίιμ,
1185 4102 1344 4153 καταλιπεῖν

198 4190 247 4255 μὲν
265 4189 316 4243 τὸν
339 4189 549 4256 χρηματιετικὸν
573 4189 646 4256 βίον,
671 4189 792 4255 μετιέναι
815 4189 845 4242 δὲ
868 4189 919 4242 τὸν
941 4190 1025 4243 λιτόν.
1058 4189 1111 4242 Ὧν
1130 4189 1276 4255 Θεόδωροι
1295 4190 1343 4254 μὲν

196 4279 310 4346 henepon
330 4278 524 4345 Μοψουειτὶα(
545 4283 596 4346 τῆ(
621 4280 651 4332 ἐν
671 4276 772 4348 Κιλικίᾳ
794 4279 903 4332 πόλεως
925 4278 1069 4332 ἑπιεκοποι
1086 4278 1197 4347 γέγονε,
1222 4278 1345 4342 Μάξιμοι

198 4369 227 4421 δὲ
247 4367 406 4422 (sicundae
422 4372 474 4435 τῆ(
498 4369 528 4422 ἐν
549 4367 670 4438 Ἰεαυρὶμ
705 4369 863 4434 Τηνικαδτα
882 4367 932 4421 οὖν
951 4368 1029 4421 οὗτοι
1047 4369 1189 4421 επουδαῖοι
1211 4368 1273 4432 περὶ
1290 4367 1344 4431 τὴν

197 4456 300 4524 άρετὴν
308 4458 461 4525 γενόμενοι,
476 4459 676 4526 μαθητεύουαν
691 4457 729 4511 εἰ(
742 4459 777 4510 τά
792 4458 923 4525 ἀικητικά
933 4458 1071 4526 Διοδώρῳ
1082 4458 1125 4510 καὶ
1137 4455 1275 4524 Καρτερίιμ
1286 4455 1341 4507 κτὲ.
