3192 4906
242 274 286 338 90
748 275 840 344 Caput
858 274 878 328 I.

243 437 391 502 uheicrnc
425 437 512 516 παρὰ
546 436 713 517 βαρβάρων
745 437 977 516 ἐπαιδεύθηεαν
1008 437 1168 515 Ἕλληνες.
1211 440 1290 502 Haec
1322 451 1392 504 sunt
1419 475 1424 484 ·

242 545 425 633 'lheodoreti
449 545 545 606 verba.
582 545 660 608 Num
683 565 754 607 vero
779 547 946 608 censendus
970 555 1015 634 est
1043 549 1069 608 is
1092 550 1143 626 qui
1166 546 1272 610 loliani
1299 547 1392 608 libros

242 655 373 714 refutare
398 651 454 712 sibi
477 661 684 736 proposuerat,
706 672 767 714 non
787 655 960 730 cognouisse
984 654 1013 714 id
1034 654 1112 732 quod
1137 654 1185 715 ille
1208 653 1392 716 disseruerat

242 752 285 840 (p.
302 757 446 822 178th
462 754 542 842 Cyn.)
566 759 602 820 de
622 759 798 841 Babyloniis,
822 762 981 840 Aegyptiis,
1003 739 1202 821 Phoenicibus
1225 761 1391 822 litterarum

154 947 157 951 .
242 864 455 927 inventoribus.
492 865 570 926 Num
594 869 714 927 omnino
733 884 802 927 eum
826 867 913 948 lugit,
938 848 1081 945 quantum
1101 871 1233 929 omnium
1256 875 1392 928 moturus

240 981 319 1034 esset
342 975 451 1052 risum,
474 974 497 1032 si
521 991 633 1052 paucos
657 974 744 1034 modo
764 973 944 1036 Graecorum
969 977 1130 1055 scriptores
1152 974 1258 1054 legisse
1278 975 1391 1034 diceret

239 1081 449 1159 imperatorem
478 1079 701 1160 philosophum,
728 1083 800 1159 quin
829 1083 917 1142 etiam
939 1083 980 1142 ita
1008 1083 1100 1142 fuisse
1124 1081 1160 1142 ab
1188 1083 1269 1142 omni
1293 1080 1389 1142 erudi-

240 1187 320 1245 tione
352 1185 541 1267 destitntum,
569 1196 602 1248 ut
630 1206 681 1248 eos
715 1206 751 1248 ne
780 1196 882 1268 posset
909 1189 1029 1267 quidem
1057 1185 1178 1268 legere?
1220 1187 1272 1248 Sat
1300 1189 1391 1267 igitur

242 1310 391 1371 superque
416 1293 452 1352 de
476 1293 623 1354 levissima
647 1294 783 1356 Garnerii
806 1297 986 1357 coniectura.

328 1397 437 1459 Verum
469 1403 619 1461 enimvero
657 1404 744 1462 etiam
773 1404 798 1462 si
826 1404 996 1481 negavimus
1029 1402 1057 1462 id
1091 1402 1183 1462 luisse
1211 1401 1391 1463 Theodoreti

240 1505 406 1587 consilium,
430 1515 463 1567 ut
482 1508 625 1569 refutaret
644 1507 757 1570 Iuliani·
775 1508 876 1590 libros,
900 1511 927 1568 ei
947 1527 1006 1570 uon
1026 1508 1256 1588 adversabimur,
1279 1511 1391 1587 siquis

239 1612 275 1672 ad
305 1631 409 1675 eorum
439 1623 520 1675 certe
545 1617 743 1694 cognitionem
771 1615 854 1677 illum
885 1617 1002 1676 venisse
1030 1615 1197 1676 contendat.
1233 1614 1390 1694 Porphyrii

137 1807 141 1813 Ι
240 1721 319 1780 enim
342 1719 448 1800 libros,
479 1723 545 1800 quis
569 1721 617 1782 ille
641 1725 801 1801 scrIpserat
829 1731 932 1782 eontra
957 1721 1154 1803 Christianos,
1182 1724 1245 1801 ipse
1274 1721 1390 1782 duobus

241 1826 341 1888 laudat
369 1827 450 1888 locis.
493 1828 627 1899 Quorum
656 1828 781 1890 alterum
807 1848 895 1907 quem
919 1828 1042 1908 protulit
1065 1848 1093 1908 p.
1114 1825 1271 1909 76,13G,
1294 1831 1391 1908 potuit

239 1937 369 1994 mutuari
392 1954 429 1995 ex
452 1934 574 1995 Eusebii
597 1954 696 2015 praep.
721 1954 822 2015 evang.
840 1936 853 1995 l
869 1933 898 2015 9,
913 1933 965 2017 21,
989 1935 1040 1995 ubi
1058 1935 1137 1995 idem
1160 1937 1292 2014 affertur,
1315 1935 1389 1996 alter

240 2042 291 2118 qui
315 2058 342 2119 p.
358 2037 464 2121 488,1
492 2041 614 2121 legitur,
633 2042 715 2121 apud
738 2041 902 2103 Eusebium
925 2059 984 2101 non
1013 2043 1172 2103 invenitur.
1209 2041 1256 2102 Nil
1280 2043 1388 2102 mirum
1420 2027 1429 2034 ⁶

240 2148 331 2224 igitur
354 2149 442 2208 etiam
466 2147 571 2209 Iuliani
594 2147 686 2208 libros
709 2149 815 2228 legisse
836 2147 1067 2209 Theodoretum.
1105 2147 1190 2220 Quod
1210 2165 1388 2237 quamquam

171 2266 177 2274 '
239 2256 330 2314 certis
353 2258 537 2334 argumentis
560 2257 672 2318 tirmari
696 2274 755 2317 non
779 2263 886 2336 potest,
911 2274 977 2316 oum
1003 2272 1039 2315 ne
1065 2274 1142 2315 uurrs
1162 2255 1282 2334 quidem
1304 2254 1388 2315 locus

239 2362 271 2420 in
294 2360 515 2440 therapeuticae
540 2362 624 2424 libris
643 2382 677 2423 ex
697 2363 802 2424 luliani
827 2365 946 2442 scriptis
964 2363 1118 2442 afferatur,
1142 2381 1176 2422 ea
1198 2371 1297 2422 tamen
1320 2379 1387 2440 pro·

238 2468 331 2528 leram
350 2477 532 2552 argumenta,
550 2469 660 2548 quibus
679 2469 754 2530 hanc
774 2472 976 2530 coniecturam
999 2488 1058 2529 non
1078 2471 1159 2529 omni
1182 2466 1387 2547 probabilitate

230 2559 341 2635 carere
370 2575 532 2636 ostendam.
574 2576 799 2656 Vituperaverat
827 2576 958 2638 lulianus
987 2575 1183 2656 Christianos,
1211 2574 1292 2654 qnod
1320 2591 1387 2633 eum

202 2747 209 2758 ,
240 2680 351 2742 relictis
374 2701 556 2761 paganorum
585 2685 676 2743 saeris
700 2683 877 2744 ludaeorum
900 2685 986 2762 sequl
1009 2683 1183 2744 maluissent
1205 2680 1388 2762 religionem,

240 2806 277 2849 ne
301 2806 366 2848 eam
390 2789 510 2866 quidem
538 2791 585 2868 pie
611 2789 756 2870 colerent,
785 2789 836 2850 sed
865 2791 982 2851 omissis
1006 2790 1150 2851 doctrinis
1177 2789 1263 2850 laude
1292 2788 1388 2866 dignis

242 2898 427 2975 recepissent
446 2896 662 2975 vituperandas.
702 2895 767 2960 Νὓν
787 2895 836 2976 δέ,
860 2899 957 2975 inquit
975 2917 1003 2976 p.
1019 2894 1084 2958 202
1093 2899 1126 2976 Α,
1144 2893 1220 2973 ὑμῖν
1238 2893 1388 2972 (υμβέβη-

240 3019 295 3062 κεν
309 2998 415 3079 ὥςπερ
429 3005 499 3064 ταῖς
515 3003 661 3079 βδέλλαι(
676 3001 713 3065 τὸ
729 3000 885 3080 χείριετον
900 3002 1004 3066 ἕλκειν
1019 2999 1096 3080 αἱμα
1110 3001 1240 3079 ἐκεῖθεν,
1256 2998 1387 3078 ἀφεῖναι

239 3107 274 3171 δὲ
303 3107 341 3169 τὸ
368 3108 603 3186 καθαρώτερον.
650 3111 688 3171 Et
721 3113 850 3190 respexit
878 3111 1003 3170 fortasse
1037 3110 1116 3170 htrnc
1144 3108 1249 3170 luliani
1281 3107 1388 3187 locum,

238 3233 366 3293 quocum
384 3215 574 3278 hirudinibus
584 3227 793 3297 comparantur
803 3217 970 3297 Christiani,
983 3217 1188 3277 Theodoretus
1202 3236 1230 3296 p.
1241 3213 1293 3297 55,
1305 3212 1388 3294 15G,
1414 3238 1419 3244 ·

238 3321 289 3382 ubi
313 3325 423 3402 optima
456 3341 591 3402 quaeque
619 3343 687 3386 cum
715 3325 838 3385 dixisset
865 3342 916 3383 eos
950 3323 1060 3402 ubique
1088 3323 1210 3383 collecta
1240 3325 1269 3383 in
1298 3338 1386 3382 usum

238 3447 324 3489 suum
349 3429 501 3509 conlerre,
524 3427 575 3490 καὶ
598 3428 656 3504 μὲν
679 3428 731 3505 δὴ,
754 3432 864 3509 iuquit,
896 3427 947 3489 καὶ
969 3429 1039 3490 ταῖς
1062 3424 1219 3504 μελίτταις
1248 3423 1343 3488 οὗτος
1367 3422 1386 3486 ὁ

238 3531 336 3611 νόμο(
359 3533 551 3611 ἐμπέφυκεν.
589 3531 628 3596 οὐ
648 3533 772 3609 γλυκέα
792 3533 853 3610 γὰρ
872 3532 990 3611 μόνοις,
1014 3531 1098 3597 ἀλλὰ
1116 3531 1167 3595 καὶ
1187 3535 1311 3616 πικροῖς
1330 3527 1385 3594 ἄν·

238 3647 323 3704 θεων
350 3637 556 3717 deriderentur
583 3641 642 3718 τὴν
670 3640 727 3717 μὲν
755 3642 906 3716 γλυκεῖαν
933 3639 1106 3718 ἀνιμῶντω
1134 3637 1301 3717 ποιότητα,
1328 3639 1386 3716 τὴν

237 3747 273 3810 δὲ
296 3745 411 3823 πικρὰν
435 3743 699 3823 ἀποετρέφοντω.
736 3749 817 3809 ldem
837 3767 905 3810 cum
928 3751 1064 3811 invectus
1088 3760 1167 3810 esset
1188 3751 1218 3809 in
1243 3748 1385 3808 sacrificia
1458 3759 1466 3773 ·

238 3856 434 3918 Graecorum:
459 3854 498 3931 μὴ
522 3853 644 3933 τοίνυν,
668 3859 765 3935 iuquit
784 3877 812 3937 p.
831 3854 1029 3940 2921211,
1057 3859 1113 3934 τῆ(
1135 3857 1201 3917 τῶν
1224 3843 1386 3931 ὑμετέμων

238 3958 387 4038 θυμάτων
411 3947 600 4038 κατηγορία(
619 3959 806 4039 ἀπολογίαν,
823 3964 882 4041 τὴν
901 3959 1165 4040 ἀντικατηγορίαν
1189 3959 1275 4039 ἔχειν
1298 3957 1385 4037 νομί-

236 4072 318 4144 Ζητε.
356 4069 541 4140 Quibuscum
564 4061 700 4132 conleras
724 4070 810 4131 velim
829 4071 935 4132 luliani
958 4072 1165 4150 fragmentum,
1189 4069 1268 4147 quod
1288 4085 1385 4128 serva·

238 4184 302 4235 tum
330 4183 376 4236 est
403 4194 418 4236 a
443 4176 550 4256 Cyrillo
574 4197 601 4257 p.
620 4175 712 4238 atu:
745 4175 884 4240 Μέλλων
912 4175 947 4238 δέ
976 4173 1056 4251 ὑπὲρ
1079 4177 1145 4237 τῶν
1173 4170 1249 4249 παρ’
1276 4171 1386 4235 αὐτοῖς

239 4282 424 4358 λεγομένων
444 4279 614 4357 δογμάτων
633 4279 787 4344 ἁπάντων
806 4284 962 4345 corticem
985 4280 1043 4342 τὸν
1062 4277 1163 4355 λόγον
1182 4279 1286 4342 έκεῖνο
1312 4276 1384 4357 βού-

239 4390 334 4464 λομαι
357 4390 488 4467 πρῶτον
512 4387 627 4464 εἰπεῖν,
650 4385 699 4449 ὅτι
723 4390 782 4466 χρὴ
806 4388 881 4452 τοὺ(
902 4386 1169 4468 ἐντυγχάνοντας,
1191 4383 1281 4464 εἴπερ
1300 4383 1385 4448 ἀντι-
