3194 4904
554 354 596 408 De
615 353 717 408 Iuliani
735 355 869 410 librorum
888 353 961 408 fatis,
1248 385 1265 407 ι’
1295 356 1336 419 15

186 511 322 602 Niceni¹)
353 519 508 580 conlectus
541 519 677 580 mandato
701 521 934 582 clarissimorum
957 520 1119 581 Doctorum
1143 520 1337 582 Dominorum

189 626 353 688 Sebastiani
376 625 545 708 Foscareni,
568 626 659 690 Marci
683 628 802 690 Antonii
823 627 950 710 Venerii,
974 637 1004 688 et
1026 627 1139 689 Nicolai
1162 628 1207 688 de'
1231 626 1334 688 Ponte’

188 733 330 795 Gimnasii
352 720 596 816 reformatorum,
625 744 659 796 ut
687 744 808 797 senatus
832 735 1001 796 consultum
1024 753 1040 794 a
1063 732 1113 793 XV
1132 735 1338 817 virissslactum

186 845 275 904 tertio
300 841 437 903 calendas
462 840 592 921 januarii
615 851 865 923 exsequerentur,
895 842 999 903 ordine
1026 843 1181 904 literarum
1210 849 1336 901 servato.

186 949 223 1010 M.
238 949 270 1010 l).
286 943 422 1032 XLVl).“
450 947 483 1009 ln
499 943 613 1032 quo[ita
629 952 726 1029 agitur
745 950 782 1010 de
796 949 923 1011 Macaria
937 948 1085 1030 Magnete:
1105 944 1160 1008 ε14
1170 947 1201 1009 A.
1221 946 1340 1025 Magne-

186 1058 224 1116 tis
247 1065 351 1117 contra
374 1056 503 1140 Grecos,
522 1041 594 1117 'sine
623 1056 732 1118 tabulis
755 1059 786 1117 in
814 1075 934 1137 papyro.
963 1051 1005 1117 n⁰.
1030 1050 1115 1117 625'.
1157 1055 1226 1116 Fuit
1248 1056 1340 1133 igitur

188 1162 317 1224 Venetus
337 1163 429 1224 codex
449 1163 624 1230 chartaceus
643 1182 740 1242 neque
758 1163 789 1224 id
808 1163 936 1236 dubium,
952 1181 1016 1223 esse
1035 1170 1143 1243 potest,
1162 1163 1234 1240 quin
1253 1162 1339 1220 initio

188 1270 278 1331 luerit
297 1279 327 1332 et
346 1272 403 1332 line
424 1271 556 1352 mutilus,
575 1289 643 1332 cum
663 1270 830 1332 tabularum
845 1273 976 1332 caruerit
995 1277 1175 1349 tegumento.
1201 1269 1340 1329 Fortasse

188 1378 223 1438 ad
243 1386 360 1438 certum
383 1379 471 1440 linem
494 1377 619 1458 perduci
641 1365 750 1456 potest'
760 1379 893 1456 quaestio
913 1377 1014 1438 codice
1034 1376 1208 1438 Atheniensi
1230 1377 1340 1436 iterum

191 1486 335 1565 inspecto,
349 1486 381 1545 in
396 1503 455 1564 qno
470 1483 667 1563 complurium
683 1486 875 1545 inveniuntur
889 1484 1079 1546 librariorum
1093 1502 1206 1544 manus.
1230 1483 1338 1544 Notum

188 1599 287 1652 autem
311 1598 357 1652 est
379 1591 527 1670 permulta
551 1590 757 1652 Bessarionem
780 1593 811 1651 in
835 1591 987 1652 codicibus
1011 1593 1073 1651 suis
1096 1591 1262 1672 adnotasse,
1286 1607 1336 1650 no·

189 1699 337 1759 tissimum
365 1700 513 1759 minutum
542 1700 636 1778 ipsius
665 1706 695 1758 et
723 1697 841 1759 dillicile
869 1698 949 1759 lectu
977 1697 1219 1780 chirographum5
1250 1706 1337 1776 atque

189 1807 254 1866 eius
277 1805 404 1865 fortasse
429 1813 546 1865 exstant
570 1804 702 1884 exempla
726 1806 757 1864 in
780 1803 882 1864 codice
907 1823 986 1864 nunc
1010 1803 1191 1865 Atheniensi.

278 1911 433 1984 Quomodo
457 1920 556 1972 autem
584 1913 747 1991 inscriptus
771 1920 850 1972 esset
873 1910 992 1972 Macarii
1015 1910 1158 1990 Magnetis
1180 1911 1256 1976 liber
1271 1920 1339 1971 'non

189 2026 270 2079 recte
295 2017 464 2098 explorasse
492 2017 609 2080 videtur
637 2017 709 2078 mibi
733 2017 856 2079 Carolus
878 2017 1014 2098 Blondel,
1043 2037 1059 2078 a
1088 2035 1147 2097 quo
1170 2018 1290 2078 Parisiis
1314 2037 1338 2079 a.
1425 2075 1427 2080 .

100 2109 104 2114 ⁵
192 2121 278 2186 1876
307 2124 405 2185 editus
428 2133 474 2185 est
498 2121 664 2201 Μακαρίου
690 2121 863 2201 Μάγνητο(
886 2120 1087 2200 ἀποκριτικὸ(
1110 2124 1129 2200 ἢ
1154 2124 1338 2202 μονογενήτ.

189 2232 293 2310 Neque
310 2231 406 2292 haesit
424 2234 454 2292 in
473 2234 667 2312 inscriptione
682 2232 713 2292 L.
729 2231 895 2294 llucbesnc.
927 2231 1122 2293 Inveniuntur
1137 2241 1236 2292 autem
1251 2231 1340 2292 verba

191 2338 264 2399 baec
291 2338 366 2399 libro
395 2341 483 2400 tertio
511 2347 542 2399 et
570 2347 675 2418 quarto
702 2341 878 2420 praemissa,
911 2338 1019 2418 quibus
1049 2341 1141 2399 totius
1168 2341 1268 2418 operis
1295 2341 1338 2399 in·

191 2447 382 2525 scriptionem
402 2446 550 2506 contineri
569 2445 641 2506 dicit
659 2444 838 2506 Blondelius.
875 2446 950 2507 Ante
969 2447 1093 2506 tertium
1114 2447 1206 2523 igitur
1229 2444 1340 2505 librum

189 2554 286 2631 posita
304 2561 375 2613 sunt
392 2553 479 2614 baec:
499 2548 664 2628 Μακαρίου
686 2547 858 2628 Μάγνητο(
877 2547 1091 2628 Ἀποκριτικό(
1110 2550 1129 2626 ἢ
1150 2550 1339 2628 Μονογενὴ(

169 2641 272 2734 Ιπρὸ(
294 2655 451 2735 Ἕλληνα(
475 2656 548 2734 περὶ
570 2659 637 2720 τῶν
666 2656 702 2720 ἐν
725 2661 770 2739 τῷ
794 2654 977 2739 Εὐαγγελίῳ
1001 2653 1187 2734 ζητημάτων
1211 2655 1261 2718 καὶ
1285 2654 1339 2718 λύ-

191 2783 288 2847 (εωνγ
312 2774 418 2844 quarto
441 2767 673 2845 praemittuntur
696 2764 783 2826 baec:
807 2762 974 2841 Μακαρίου
1000 2761 1172 2840 Μάγνητα(
1196 2760 1339 2841 Ἀποκρι-

189 2871 275 2933 τικό(
298 2872 317 2948 ἢ
342 2872 533 2950 Μονογενὴ(
560 2872 641 2949 πρὸ(
663 2869 819 2949 Ἕλληνα(
847 2871 920 2949 περὶ
947 2873 1013 2933 τῶν
1042 2867 1275 2948 ἀπορουμένων
1303 2870 1339 2933 ἐν

189 2982 228 3060 τῇ
254 2978 349 3062 Κοινῇ
369 2978 513 3062 Διαθήκῃ
532 2977 719 3056 Ζητημάτων
743 2979 792 3041 καὶ
813 2979 943 3042 λύεεων.
986 2978 1062 3050 Quid
1082 2987 1181 3039 autem
1203 2978 1259 3049 sibi
1278 2979 1340 3038 vult

192 3084 382 3164 Μονογενὴ(
405 3085 485 3164 πρὸ(
508 3085 686 3164 Ἕλληνα(ῗ
727 3087 807 3148 Luce
831 3087 940 3148 clarius
963 3094 1009 3147 est
1031 3083 1249 3164 transponenda
1273 3102 1338 3144 csse

191 3191 280 3252 rerba
308 3203 338 3255 et
366 3194 571 3256 scribendum:
611 3193 652 3256 Μ.
681 3193 722 3256 Μ.
753 3192 942 3270 Μονογενὴ(
969 3191 988 3268 ἢ
1018 3186 1231 3265 Ἀποκριτικὸ(
1259 3186 1339 3264 πρά(

191 3295 355 3376 Ἕλληνα(
397 3300 479 3373 erae
507 3301 673 3362 emendatio
701 3300 765 3360 aliis
794 3303 883 3362 ctiam
911 3297 1121 3378 comprobatur
1149 3298 1339 3375 argumentis.

193 3403 347 3484 Leguntur
370 3409 449 3467 enirn
469 3409 557 3467 etiam
581 3406 653 3467 baec
672 3415 739 3468 ante
764 3409 885 3469 tertium
909 3406 1031 3468 librum:
1054 3401 1138 3466 Τάδε
1160 3400 1279 3464 ἔνεττιν
1303 3402 1339 3465 ἐν

191 3514 238 3593 τῷ
265 3510 361 3594 τρίτῳ
389 3510 494 3589 τεύχει
522 3514 588 3575 τῶν
616 3510 828 3590 ἀποκριτικῶν
863 3513 943 3591 πρὸ(
970 3511 1127 3589 Ἕλληνα(
1155 3506 1276 3592 λόγων;
1309 3519 1340 3570 et

194 3627 262 3679 ante
292 3628 444 3698 quartum:
476 3617 560 3681 Τάδε
585 3618 724 3696 περιέχει
747 3619 766 3697 ἡ
789 3616 923 3697 τετάρτη
949 3617 1055 3698 βίβλο(
1078 3619 1144 3680 τῶν
1160 3613 1340 3693 ’Ἀποκριτι-

194 3725 260 3787 κῶν
284 3723 365 3801 πρὸ(
386 3723 543 3802 Ἕλληνα(
567 3723 683 3802 λόγων.
724 3726 762 3787 Et
784 3729 848 3807 ipse
871 3726 1027 3788 liucbesne
1050 3746 1078 3806 p.
1103 3722 1122 3786 6
1146 3726 1177 3784 in
1200 3732 1341 3803 quattuor

196 3832 349 3894 codicibus
371 3832 527 3915 Parisinls‚
555 3835 587 3893 in
611 3833 719 3913 quibus
743 3841 839 3894 exstat
861 3832 978 3893 loannis
997 3831 1173 3893 Antiocheni
1196 3833 1341 3913 synopsis,

195 3941 236 3999 ita
258 3937 359 4000 induci
378 3939 671 4027 dicitlragmentum
688 3939 899 4001 Macarianum:
928 3935 1095 4014 Μακαρίου
1115 3935 1286 4014 Μάγνητο(
1305 3937 1341 3999 ἐκ

195 4097 408 4106 ..ῄ--ι--ῳ

268 4207 295 4272 1)
314 4205 333 4260 l.
353 4221 376 4258 e.
396 4202 574 4257 bessarionis.

267 4297 293 4361 2)
313 4291 402 4346 Huius
421 4291 521 4346 indicis
541 4290 732 4360 apographum
748 4304 806 4342 esse
828 4286 896 4340 mibi
910 4287 1019 4340 videtur
1032 4285 1116 4340 index
1129 4304 1213 4355 quem
1227 4285 1341 4340 exhibet

196 4381 283 4436 codex
300 4379 368 4435 bibl.
388 4379 566 4434 Colbertinee
585 4383 668 4448 2145,
691 4394 774 4446 quem
798 4375 904 4445 publici
926 4375 994 4429 iuris
1017 4374 1084 4428 lecit
1106 4372 1339 4428 Montelalconius

195 4470 263 4524 μοι.
283 4469 411 4524 sterion.
432 4471 442 4521 ι
463 4475 512 4523 ιω
525 4487 584 4537 sqq.
