3192 4906
575 329 616 384 De
635 327 736 384 Iuliani
754 328 889 383 librorum
907 329 981 384 fatis.

749 493 801 559 37.

297 611 340 674 Ex
364 613 464 674 Ioann.
489 611 620 674 Damaso.
642 632 671 692 p.
687 610 760 674 780.
798 609 848 675 Ἐκ
866 614 924 675 τοῦ
947 611 1056 675 αὐτοῦ.

297 718 372 782 Τοῖς
391 717 534 796 ἡγεῖςθαι
559 721 690 796 λαχοῦςι
713 717 764 781 καὶ
788 717 860 783 οἷον
878 718 914 783 ἐν
933 719 1016 800 μέςῳ
1039 719 1194 796 κειμένοις
1217 717 1357 783 καὶτῶν

208 823 319 890 ἄλλων
342 826 607 904 ἐπιφανεςτέροις
626 824 710 888 πάςά
729 845 798 888 πως
817 823 938 903 ἀνάγκη
962 829 1008 908 τῷ
1031 830 1086 904 τῆς
1106 825 1238 890 εῦῑωίας
1261 845 1355 889 κατα-

206 928 467 1016 φαιδρύνεςθαιῑ)
488 931 597 996 κάλλει
616 932 666 996 καί
685 930 866 996 ἀπόλεκτον
885 930 929 995 ὡς
953 930 1079 1009 άληθῶς
1097 932 1259 1010 ἐξαςκῆςαι
1279 932 1357 1012 βίον,

204 1039 284 1103 ὥςτε
310 1040 359 1103 καὶ
379 1038 586 1102 ὑποτύπωςιν
611 1038 732 1102 αὐτοὺς
746 1039 892 1115 γενέςθαι
915 1042 983 1103 τοῖς
1002 1037 1066 1101 ὑπὸ
1085 1042 1176 1116 χεῖρα
1195 1041 1358 1117 κειμένοις,

206 1148 351 1224 δριῦντας
366 1146 424 1222 μὲν
438 1145 652 1209 ἐπιδεικτικῶς
671 1147 690 1223 ἢ
706 1145 887 1225 φιλοδόξως
902 1145 1007 1224 οὐδὲν,
1027 1144 1188 1224 ὠφελείας
1202 1146 1238 1207 δέ
1253 1143 1356 1227 χάριν,

206 1253 256 1316 καὶ
280 1251 402 1330 ἑτέροις
425 1251 588 1331 πράφαςιν
614 1252 653 1316 τὰ
676 1250 749 1316 καθ’
772 1251 906 1316 ἑαυτοὺς
929 1256 1086 1316 ποιεῖςθαι
1109 1250 1356 1316 ςπουδάῑοντοις.

204 1358 253 1423 ἀεὶ
276 1358 338 1436 γάρ
362 1379 431 1421 πως
459 1361 526 1423 τῶν
549 1359 585 1423 ἐν
614 1359 697 1440 μέςῳ
721 1358 772 1420 καί
799 1358 960 1437 ἐπιςήμων
989 1356 1007 1420 6
1038 1357 1104 1436 βίος
1131 1356 1195 1421 ὑπὸ
1225 1357 1357 1421 πάντων

204 1464 343 1543 κρίνεται
366 1466 417 1528 καὶ
437 1463 644 1543 δοκιμάζεται.
682 1463 740 1528 κᾶν
760 1463 829 1542 έχοι
851 1465 889 1528 τὸ
913 1463 1139 1542 ἀνεπίληπτον,
1164 1464 1222 1527 οῦκ
1241 1463 1356 1543 ἀνόνη-

205 1571 264 1634 τόν
288 1572 351 1636 ἐςτι
374 1573 412 1635 τὸ
441 1557 544 1650 χρῆμα
571 1575 640 1635 τοῖς
669 1570 785 1634 εἰδόςιν
810 1570 922 1635 αὐτόν·
951 1571 978 1634 εἰ
1006 1571 1042 1633 δέ
1071 1569 1271 1650 ἀποφέροιτο
1299 1576 1357 1635 τοῦ

206 1678 329 1763 εἰκότος
358 1679 409 1741 καὶ
437 1677 600 1742 διαπίπτοι
629 1679 709 1756 πρὸς
737 1677 757 1740 ά
787 1679 826 1756 μὴ
860 1680 959 1756 θέμις,
993 1678 1032 1742 οὐ
1060 1679 1140 1757 πρὸς
1173 1679 1273 1742 καλὸν
1301 1679 1358 1756 μὲν

206 1784 291 1848 ἐςται
310 1786 378 1867 τιςί,
400 1785 482 1862 πρὸς
501 1784 612 1862 ῑημίαν
632 1786 667 1847 δέ
688 1787 810 1862 μᾶλλον
829 1785 880 1847 καὶ
901 1783 1027 1863 βλάβας.
1061 1785 1088 1848 εἰ
1111 1785 1172 1861 γὰρ
1192 1785 1250 1848 οὐκ
1269 1783 1358 1848 οἶδεν

206 1891 402 1969 ὀρθοποδεῑν
421 1891 472 1952 καὶ
491 1894 635 1970 διαβιοῦν
655 1890 785 1953 ἀςτείως
804 1889 822 1954 6
842 1892 1057 1968 παιδαγωγὸς,
1082 1891 1159 1955 ποία
1178 1891 1262 1954 ἐςται
1282 1889 1358 1970 παρ’

205 1998 396 2062 αὐτοῦτοῖς
420 1999 738 2075 παιδαγωγουμένοις
764 1993 959 2082 ὠφέλειαγί)
1177 1983 1180 1990 ’

296 2107 472 2184 Fragmenta
496 2103 538 2166 36
563 2113 593 2166 et
616 2103 657 2166 37
682 2106 820 2166 videntur
845 2106 937 2166 fuisse
960 2108 992 2166 in
1017 2105 1092 2166 libro
1115 2109 1278 2186 prooemio.

756 2262 807 2328 38.

300 2382 343 2442 Ex
368 2381 467 2442 loann.
487 2379 618 2440 Damaso.
637 2400 665 2460 p.
682 2377 755 2442 782.
792 2379 858 2442 Τοῦ
878 2377 970 2455 ἁγίου
992 2379 1159 2457 Κυρίλλου,
1183 2380 1218 2443 ἐκ
1240 2385 1299 2444 τοῦ
1323 2377 1359 2446 ιζ’
1424 2365 1430 2372 ’

208 2483 350 2570 <τῶν>5>
375 2486 455 2550 κατὰ
478 2483 660 2550 Ἰουλιανόῦ.

301 2590 396 2670 Ἀρχὴ
425 2593 475 2654 καὶ
503 2591 572 2669 ῥίζα
596 2593 649 2656 καὶ
677 2590 748 2656 οίον
772 2594 857 2671 πηγὴ
882 2593 932 2655 καὶ
960 2593 1104 2670 γέννηςις
1132 2596 1198 2656 τῶν
1227 2595 1263 2658 ἐν
1286 2595 1360 2673 ἡμῖν
1421 2595 1423 2608 “

200 2700 272 2764 Ιἐςτι
296 2702 409 2762 παθῶν
432 2699 450 2775 ἡ
471 2698 553 2776 πρὸς
572 2698 683 2762 κακίαν
702 2696 815 2776 ὄρεξις,
839 2697 889 2762 ἐπ’
908 2699 1017 2763 αὐτοῖς
1041 2702 1182 2763 καλοῦςα
1204 2702 1262 2764 τὸν
1282 2705 1360 2765 νοῦν

209 2806 261 2870 καὶ
279 2802 560 2882 καταγοητεύουςα
579 2805 637 2882 μὲν
657 2805 693 2868 ἐν
712 2803 834 2882 ἀρχαῖς,
856 2807 1023 2883 βιαζομένη
1047 2807 1149 2868 δὲκαὶ
1168 2807 1246 2884 μετὰ
1264 2811 1361 2871 τοῦτο

209 2912 262 2975 καὶ
285 2911 491 2975 καταςείουςα
514 2911 565 2973 καὶ
596 2908 782 2989 ἀβουλήτως
797 2900 873 2974 ’ἐςθ’
896 2909 959 2975 ὅτε.
997 2916 1121 2976 καπνοῦ
1144 2913 1205 2990 γάρ
1230 2913 1318 2991 δίκην
1342 2917 1360 2993 ἢ

211 3019 318 3096 ὥςπερ
342 3019 426 3082 τινές
450 3017 542 3096 ἀτμοὶ
564 3020 630 3080 τῶν
661 3017 814 3094 ἐμφύτων
837 3017 966 3094 ἡδονῶν
989 3015 1168 3094 ἀνίςχουςιν
1196 3019 1232 3082 ἐν
1254 3015 1361 3104 ἡμῖνί)

211 3122 335 3210 κακαὶί)
366 3124 493 3202 ὀρέξεις.
538 3122 609 3187 ἀλλ’
636 3122 655 3186 6
688 3123 745 3200 μὲν
773 3122 913 3201 ςώφρων
946 3121 1109 3187 νεανίςκος
1142 3125 1266 3206 ἐπιτιμᾷ
1293 3129 1362 3188 τοῖς

210 3233 353 3311 κινήμαςι
383 3232 434 3295 καὶ
462 3231 641 3315 περαιτέρω
669 3231 841 3305 προελθεῖν
874 3227 932 3291 οὐκ
954 3229 1005 3312 ἐᾷ·
1035 3227 1118 3314 διὸί)
1147 3231 1198 3293 καῖ
1226 3228 1362 3308 ἀδρανὲς

212 3339 250 3403 ὂν
269 3338 316 3402 ἐτι
340 3339 377 3401 τὸ
401 3335 504 3402 πάθος
522 3337 652 3414 ἥττηται
671 3333 796 3417 ῥᾳδίως.
834 3333 852 3398 6
877 3335 912 3398 δέ
932 3355 969 3411 γε
990 3334 1129 3418 ῥᾴθυμος
1152 3337 1203 3399 καὶ
1227 3356 1360 3415 κατημε-

213 3447 349 3524 λημένος
379 3444 551 3520 εἰςδέχεται
574 3443 630 3506 τάς
652 3445 719 3505 τῶν
742 3443 871 3520 ἡδονῶν
900 3439 1001 3520 ἀρχάς
1024 3441 1068 3504 ὡς
1089 3442 1217 3506 ἐννοίας
1240 3441 1287 3507 ἐτι
1310 3463 1362 3521 ψι-

213 3551 280 3629 λὰς,
304 3550 478 3627 ἐπιτρέφας
498 3549 533 3611 δέ
553 3551 725 3625 προελθεῖν
750 3547 794 3612 εἰς
813 3547 943 3627 πλάτος,
972 3548 1220 3627 δυςχερεςτάτην
1240 3549 1362 3628 εὑρήςει
1394 3536 1396 3540 ’

213 3660 271 3737 τήν
291 3655 475 3719 ἀντίςταςιν.
509 3653 527 3717 6
547 3654 607 3733 γὰρ
623 3657 786 3733 προαλοὺς
805 3655 856 3718 καὶ
870 3657 1109 3733 προηττημένος
1129 3655 1253 3720 αὐτῶν
1273 3654 1363 3719 ἰδίων

214 3763 277 3827 ἐςτὶ
309 3761 497 3840 θελημάτων
530 3761 576 3824 ἔτι
613 3761 732 3839 κύριος’
766 3760 963 3825 ῦποκείςεται
996 3763 1032 3825 δὲ
1066 3765 1188 3840 μᾶλλον
1221 3762 1363 3840 καθάπερ

238 3911 240 3916 ’
287 3922 314 3988 1)
333 3918 601 3986 καταφραιδῦνεςθαι
620 3916 752 3985 Lequien.

286 4012 314 4077 2)
331 4013 398 4061 ποῖα
409 4038 440 4045 -
453 4005 575 4073 ωφελεία
591 4005 650 4059 οοά.
669 4005 796 4073 Lequien
810 4022 906 4059 vocem
917 4006 1040 4072 ὠφέλεια
1055 4022 1070 4058 e
1084 4008 1163 4060 textu
1173 4007 1264 4074 eiecit,
1279 4024 1361 4076 quam

213 4096 389 4151 ressinendam
409 4112 468 4150 esse
487 4097 588 4161 statuo,
609 4095 655 4148 sed
675 4109 772 4148 vocem
791 4100 857 4148 ποῖα
876 4095 1038 4148 mutandam
1058 4094 1087 4147 in
1105 4096 1181 4150 ποία.

287 4186 313 4252 3)
331 4189 390 4238 τῶν
409 4184 507 4240 ιιάῖεοί.
578 4205 579 4208 ’

287 4275 314 4340 4)
333 4274 363 4326 ἐν
381 4274 445 4339 ὑμῖν
464 4274 596 4342 Lequien.
617 4275 647 4326 ἐν
665 4275 730 4340 ἡμῖν
750 4271 857 4341 scripsi.

288 4364 314 4430 ὃ)
334 4365 414 4416 κακαὶ
434 4362 539 4432 scripsi.
559 4363 609 4416 τάς
627 4363 759 4430 Lequien.

289 4453 316 4519 θ)
335 4453 378 4504 διὸ
398 4451 504 4520 scripsi.
524 4453 540 4504 6
559 4450 689 4520 Lequien.

273 4549 378 4591 Iulianus
391 4551 426 4592 ed.
439 4550 569 4592 Νοιιιιιιιιιιι.
