3194 4904
585 287 626 344 De
646 285 748 340 Iuliani
766 285 903 340 librorum
923 285 996 341 iotis.
1320 288 1363 351 25

213 452 288 513 libro
312 455 423 513 mentio
447 448 518 513 fiat?
555 451 593 513 Et
621 451 691 531 qnid
719 453 828 513 mirum
860 453 891 512 in
914 461 1017 513 catena
1045 454 1172 516 inveniri
1199 456 1362 534 fragmenta

213 559 357 622 librorum
379 566 482 620 contra
501 558 647 620 lulianum
667 561 856 641 scriptorum,
879 558 1037 638 inquibus
1060 561 1125 620 sieri
1145 580 1203 622 non
1222 564 1363 644 potuerit,

213 670 285 747 quin
312 665 545 728 innumerabiles
578 685 678 728 sacrae
713 668 878 746 scripturae
910 666 968 727 loci
1000 666 1243 729 illustrarentur?
1285 669 1362 740 Quid

214 776 336 855 mirum,
369 793 438 834 cum
467 775 497 834 in
527 777 640 835 catenis
668 793 685 834 a
713 772 852 834 Cramero
888 772 1017 834 (ironiae
1047 772 1135 834 editis
1162 772 1254 835 multa
1285 777 1364 835 inre-

214 883 333 970 niantur
347 899 383 941 ex
398 879 498 961 Cyrilli
512 880 702 942 Alexandrini
716 887 818 941 contra
833 879 978 941 lulianum
998 879 1081 940 libris
1101 877 1228 942 harista?
1260 881 1362 961 Neque

214 988 377 1049 concedere
400 1005 522 1067 possum
546 987 661 1049 facilius
682 986 872 1069 Theodorum
891 985 988 1046 Lucae
1013 1006 1037 1046 ν.
1057 987 1083 1046 ll
1103 984 1146 1048 32
1168 998 1361 1068 provocatum
1424 1037 1426 1044 .

215 1113 279 1155 esso
309 1096 399 1155 statui
427 1102 460 1155 ut
488 1112 520 1155 ea
550 1113 625 1174 quae
653 1095 749 1174 primo
777 1094 942 1173 fragmento
971 1095 1161 1155 continentur
1190 1095 1363 1178 disputaret,

215 1219 302 1280 quam
325 1220 360 1263 oo
389 1204 456 1282 ipso
481 1203 532 1281 qui
556 1220 590 1261 ea
613 1203 812 1281 excerpsisset
835 1208 1016 1262 commotum
1041 1219 1119 1281 esse,
1149 1210 1183 1263 ut
1206 1222 1241 1263 ex
1265 1205 1363 1264 istius-

215 1308 293 1368 modi
308 1308 456 1369 Theodori
474 1308 550 1369 libro
569 1308 767 1387 fragmentum
786 1307 858 1368 illud
878 1315 999 1368 catenae
1018 1309 1174 1369 insereret.
1207 1309 1239 1370 ln
1259 1309 1364 1372 luliani

214 1417 293 1475 enim
316 1409 448 1498 varhts1)
476 1416 534 1477 τοῦ
564 1411 656 1491 χάριν
679 1413 764 1477 πολὺ
783 1413 851 1490 Ιμέν
875 1411 920 1476 εἰς
947 1414 1022 1476 τοὺς
1047 1410 1216 1478 Ἰουδαίου(
1240 1412 1362 1493 ἔπεμπε

213 1519 251 1583 τὸ
270 1521 471 1600 προφητικὸν
490 1519 624 1598 χάριςμα
647 1519 775 1584 καὶτὸν
796 1520 935 1584 Μωυςέα
954 1521 1005 1582 καὶ
1025 1520 1062 1582 τὸ
1083 1525 1196 1598 χρῑςμα
1219 1522 1364 1586 καὶτοὺς

215 1629 383 1708 προφήτας
407 1628 457 1692 καὶ
480 1628 539 1692 τὸν
557 1627 658 1706 νόμον
682 1626 790 1690 καὶτὰ
810 1625 976 1704 παράδοξα
1000 1627 1110 1690 καὶτὰ
1132 1627 1277 1706 τεράςτια
1301 1633 1367 1694 τῶν

215 1734 340 1812 μύθων;
370 1732 510 1800 Ἀκούει(
532 1717 594 1812 γάρ
618 1733 726 1798 αὐτῶν
751 1732 917 1812 βοώντων·
947 1731 1046 1811 ἄρτον
1070 1732 1219 1811 ἀγγέλων
1243 1735 1367 1815 ἔφαγεν

215 1839 392 1920 ἄνθρωπος.
432 1839 499 1906 Ἐπὶ
531 1843 644 1906 τέλους
678 1841 713 1904 δὲ
746 1841 796 1904 καὶ
824 1841 882 1904 τὸν
910 1837 1028 1918 Ἰηςούν
1057 1838 1202 1920 ἐπεμψεν
1234 1843 1367 1908 ἐκείνοις

214 1950 287 2011 nihil
310 1969 346 2011 ex
369 1949 449 2012 Luca
472 1951 680 2031 depromptum
707 1952 912 2030 impugnatur,
943 1951 1127 2029 quinetiam
1152 1970 1189 2011 ne
1218 1953 1367 2014 invonitur

216 2058 342 2137 quidem.
379 2060 421 2120 Ac
445 2061 542 2120 neiis
567 2058 686 2138 quidem
709 2056 824 2138 verbis,
848 2056 956 2136 quibus
980 2057 1156 2118 Theodorus
1181 2057 1293 2119 loliano
1318 2059 1366 2120 ad·

215 2173 362 2247 versatur,
391 2184 427 2226 ex
451 2165 548 2227 Lucae
577 2165 727 2246 evangelio
756 2168 913 2245 quicquam
943 2166 1074 2227 affertur.
1116 2166 1174 2236 Qui
1202 2173 1300 2226 autem
1331 2185 1367 2227 ex

216 2273 478 2334 celeberrimorum
502 2283 620 2354 patrum
644 2275 764 2354 scriptis
788 2281 922 2334 catenam
946 2291 1108 2354 congerere
1132 2272 1275 2354 studeret,
1298 2291 1367 2335 eum

217 2397 304 2440 nemo
327 2380 484 2442 mirabitur
503 2380 594 2441 multa
613 2382 645 2440 in
663 2398 751 2441 usum
771 2399 857 2441 suum
878 2382 1071 2462 convertisse,
1095 2398 1170 2458 quae
1190 2398 1367 2459 quamquam

217 2489 331 2548 nonde
355 2487 501 2549 industria
521 2487 556 2547 ad
580 2486 787 2548 illustrandum
807 2487 935 2566 aliquem
955 2505 1056 2548 sacrae
1080 2489 1245 2566 scripturae
1269 2486 1367 2548 locum

216 2597 325 2675 scripta
348 2602 446 2676 orant,
475 2613 508 2655 ra
534 2612 601 2654 vera
624 2612 692 2654 euru
716 2592 903 2655 illustrabant
926 2603 977 2656 aut
1004 2592 1153 2654 illustrare
1182 2593 1367 2656 videbantur.

215 2702 311 2780 Atque
334 2704 422 2764 etiam
446 2720 514 2762 eum
538 2701 574 2762 de
599 2721 658 2780 quo
682 2720 761 2763 nunc
781 2701 955 2762 disserimus
975 2709 1181 2780 excerptorem
1204 2704 1243 2762 ita
1268 2703 1363 2778 egisse

216 2807 257 2870 nil
280 2811 397 2870 mirum,
441 2808 517 2870 Sunt
541 2811 620 2869 enim
648 2810 679 2869 in
708 2809 873 2888 fragmento
901 2811 997 2888 primo
1021 2828 1050 2888 p.
1068 2806 1117 2892 11,
1135 2807 1248 2888 l2sqq.
1278 2808 1368 2869 verba

216 2914 301 2976 haec:
321 2909 402 2992 Ὑφ’
422 2913 479 2977 ἕνα
498 2911 601 2992 ἄνδρα
618 2913 781 2978 τοςούτων
800 2914 985 2992 γενομένων
1005 2915 1109 2980 ἐθνῶν
1128 2913 1179 2977 καὶ
1197 2916 1282 2978 θεῶν
1301 2917 1367 2977 τῶν

216 3017 381 3098 ἀρξάντων
405 3021 497 3099 ποτὲ,
525 3019 623 3083 πάλαι
648 3021 705 3098 μὲν
728 3018 792 3083 ὑπὸ
816 3019 977 3090 Μακεδόςι
1002 3019 1111 3098 μόνοις
1134 3020 1367 3098 γεγενημένων,

217 3123 278 3188 εἴτ’
300 3125 389 3190 αύθις
413 3125 477 3190 ύπό
495 3124 670 3206 Ῥωμαίοις,
694 3126 745 3189 καὶ
767 3126 951 3204 Ζητούντων
975 3128 1060 3205 θεὸν,
1085 3125 1191 3209 ᾧπερ
1215 3123 1368 3204 ἀςφαλῶς

217 3233 493 3299 καταπιςτεύςειαν
512 3233 656 3314 ἑαυτούς,
676 3233 711 3298 ἐν
730 3233 855 3296 τούτοις
876 3231 970 3312 ὤφθη
987 3232 1117 3324 Χριςτός
1137 3232 1188 3295 καὶ
1196 3234 1367 3318 Ιδεομένοις

217 3337 365 3418 ἐπεφάνη
390 3339 470 3403 κατὰ
493 3341 612 3419 καιρὸν,
636 3337 799 3422 πρότερονΙ
820 3339 878 3417 μὲν
902 3338 940 3403 οὐ
964 3339 1044 3403 κατὰ
1066 3337 1157 3418 ἐθνη,
1181 3337 1265 3403 ἀλλὰ
1288 3339 1367 3428 κατὰ

220 3557 279 3618 νῦν
303 3555 338 3617 δέ
362 3553 442 3617 κατὰ
465 3551 549 3632 ἔθνη.
592 3556 674 3627 Quae
698 3556 816 3635 quidem
841 3555 945 3634 procul
969 3555 1060 3617 dubio
1082 3563 1246 3636 potuerunt
1269 3555 1368 3616 allerri

220 3663 255 3723 ad
286 3663 493 3724 illustrandum
526 3682 695 3725 sermonem
730 3663 884 3743 symeonis
916 3662 987 3724 Luc.
1010 3661 1037 3722 Il
1060 3661 1104 3725 30
1123 3683 1186 3743 sqq.
1221 3657 1309 3724 εἶδον
1337 3659 1368 3723 oi

220 3765 381 3847 ὀφθαλμοί
410 3789 470 3846 μου
498 3768 535 3833 τὸ
565 3766 719 3847 ςωτήριύν
743 3788 812 3851 ςου,
840 3768 858 3832 ὃ
886 3767 1058 3847 ἡτοίμαςας
1086 3769 1166 3832 κατὰ
1193 3766 1368 3847 πρόςωπον

220 3873 352 3939 πάντων
374 3878 440 3938 τῶν
462 3878 558 3954 λαῶν,
583 3878 654 3954 φῶς
679 3874 723 3939 εἰς
747 3872 951 3953 ἀποκάλυψιν
970 3875 1075 3940 ἐθνῶν
1093 3877 1144 3939 καὶ
1168 3873 1267 3939 δόξαν
1286 3877 1367 3938 λαοῦ

221 4000 276 4046 ςου
291 3979 418 4061 Ἰςραήλ.
453 3985 511 4046 Sed
527 4003 602 4066 quae
622 3984 657 4044 ab
673 3992 848 4065 excerptore
866 3985 975 4064 afferri,
994 3983 1029 4046 ab
1049 4003 1084 4045 eo
1104 3986 1155 4063 qui
1173 3987 1368 4064 inperpetuo

222 4144 435 4156 -—-——·—-—-⁴

292 4249 318 4318 1)
338 4248 478 4304 Theodori
496 4247 619 4320 episcopi
637 4245 828 4318 Mopsueateni
845 4245 876 4300 in
894 4262 997 4301 novum
1014 4246 1215 4301 testamentum
1229 4261 1367 4301 commen-

220 4335 355 4393 tariorum
384 4353 454 4408 quoa
482 4336 599 4408 reperiri
627 4337 786 4407 potuerunt.
811 4335 852 4390 ed.
878 4334 909 4390 Ο.
932 4333 962 4388 F.
987 4332 1135 4390 Fritzsohe.
1173 4333 1266 4389 'l'urici
1291 4337 1367 4388 1⁸4⁷.
1444 4380 1446 4384 a

220 4431 358 4496 p.1o‚a.
