3194 4904
228 323 270 386 32
735 322 825 392 Capul
843 322 864 375 I.
931 403 933 406 γ

231 489 335 550 relicta
355 488 508 549 Antiochia
527 487 737 568 Mopsuestiam
757 489 901 570 migravit,
925 487 977 547 sed
1001 487 1232 548 antonianum
1256 501 1287 544 se
1312 501 1380 544 con·

210 596 299 657 'tulit
332 604 407 657 teste
437 589 619 676 Hesycbio.²)
666 595 750 666 Quml
787 597 812 655 si
845 612 1002 656 censemus
1035 593 1162 654 voluisse
1192 597 1383 660 Theodorum

231 702 308 762 libro
333 721 386 762 suo
405 703 528 781 gratiam
553 703 666 762 referre
686 700 824 782 Diodoro,
848 701 983 762 factisui
1003 705 1147 762 rationem
1167 704 1290 766 Libanio
1313 723 1380 785 pro-

230 807 317 891 bare,
340 809 419 870 baud
444 808 588 870 absonum
608 808 724 869 videtur
744 807 779 868 de
799 826 858 887 quo
878 810 1082 887 quaestionem
1102 813 1286 873 instituimus
1310 819 1382 872 tem·

227 919 309 992 poris
332 925 517 977 momentum
540 917 664 994 propius
694 913 797 975 abesse
822 915 857 975 ab
881 933 958 975 anuo
982 911 1125 996 378s379
1154 937 1242 998 quam
1270 917 1306 980 ab
1335 937 1381 997 eo,

229 1023 433 1103 quo-Tarsum
457 1042 489 1083 se
513 1023 640 1083 contulit
662 1021 846 1084 Theodorus.

318 1128 458 1191 lamvero
474 1137 642 1210 temporum
653 1128 859 1209 disquisitione
870 1128 906 1188 ad
919 1131 1006 1190 finem
1022 1131 1165 1210 perducta
1181 1151 1263 1193 nunc
1277 1149 1381 1212 possu-

230 1256 335 1299 musne
351 1239 439 1298 etiam
459 1255 527 1298 cum
547 1236 672 1316 quadam
692 1234 908 1316 probabilitatis
923 1239 1022 1316 specie
1037 1240 1185 1319 conicere,
1204 1238 1306 1317 quales
1320 1239 1382 1299 fue·

232 1347 293 1404 rint
311 1343 460 1403 Theodori
478 1342 546 1403 libri
565 1342 723 1404 videamus.
757 1341 822 1413 Qua
840 1342 876 1402 de
892 1361 924 1402 re
940 1341 1013 1403 nibil
1032 1352 1133 1422 aperte
1153 1345 1294 1405 trarlitum
1317 1363 1383 1404 esse

234 1469 321 1512 nemo
336 1449 502 1528 mirabitur,
516 1467 584 1509 cum
599 1449 664 1509 fieri
678 1451 819 1530 potnerit,
838 1456 871 1510 ut
885 1451 1034 1510 exstitisse
1054 1468 1105 1510 eos
1123 1453 1242 1511 omnino
1261 1468 1383 1529 negare·

232 1567 290 1619 tur.
323 1557 426 1636 Neque
446 1558 525 1616 enirn
540 1558 697 1635 quicquam
717 1555 753 1615 de
772 1554 917 1616 librorum
932 1574 1056 1616 numero
1077 1553 1154 1616 effici
1173 1563 1272 1636 potest
1292 1575 1328 1616 ex
1347 1557 1383 1616 iis

233 1663 340 1738 verbis,
359 1681 434 1741 quae
449 1665 642 1724 inveniuntur
656 1672 723 1724 ante
743 1663 906 1740 fragmenta
924 1665 1063 1744 primum,
1082 1662 1217 1744 alterum,
1237 1665 1384 1742 quintum.

233 1770 277 1830 Ex
292 1768 413 1832 vocibus
423 1772 501 1831 enim
512 1767 547 1830 ἐκ
561 1773 616 1847 τῆ(
627 1769 707 1846 πρὸ(
717 1765 891 1831 Ἰουλιανόν
906 1788 965 1830 non
976 1769 1174 1849 colligendum
1185 1776 1231 1830 est
1245 1788 1305 1830 uno
1321 1777 1383 1830 tan·

233 1885 297 1938 tum
313 1874 388 1936 libro
404 1875 594 1937 Theodorum
613 1876 725 1936 luliano
741 1877 927 1937 adversatum
942 1895 1021 1957 essc3
1041 1895 1107 1936 nam
1123 1876 1229 1936 eodem
1243 1877 1308 1935 iure
1324 1892 1383 1953 quo

233 2001 289 2042 vox
315 1979 432 2059 βίβλου,
456 1965 545 2041 immo
570 1981 691 2042 meliore
715 1984 745 2043 in
770 1984 919 2043 inferioris
944 1985 1047 2043 aetatis
1071 1985 1227 2065 scriptore,
1251 1980 1385 2060 suppleri

229 2093 332 2169 'potest
352 2091 544 2165 (ιιγγραφῆε.
581 2089 691 2150 Eadem
712 2098 811 2150 autem
831 2097 900 2150 sunt
924 2088 1047 2150 dicenda
1066 2089 1103 2149 de
1122 2092 1159 2150 iis
1177 2087 1285 2169 verbis,
1308 2105 1383 2166 quae

234 2196 375 2275 leguntur
402 2204 469 2256 ante
498 2199 696 2277 fragmentum
728 2199 871 2278 primum,
906 2215 964 2276 quo
993 2195 1113 2276 quidem
1142 2196 1206 2257 loco
1235 2197 1323 2256 etiam
1356 2194 1385 2254 id

232 2303 358 2364 dubium
383 2321 461 2385 esse,
490 2313 591 2366 utrum
615 2303 650 2366 ἐκ
672 2307 727 2382 τῆ(
756 2304 947 2365 scribendum
971 2313 1051 2364 esset
1079 2323 1116 2364 an
1140 2301 1174 2365 ἐκ
1201 2303 1268 2364 τῶν
1296 2319 1386 2382 supra

234 2409 366 2471 breviter
385 2413 517 2490 exposui.
550 2411 590 2472 Ac
611 2430 647 2472 ne
667 2419 730 2472 tum
751 2411 880 2491 quidem,
900 2412 925 2471 si
944 2395 979 2471 ἑκ
997 2412 1064 2471 τῶν
1082 2428 1149 2470 vera
1170 2412 1208 2474 sit
1227 2411 1385 2488 scriptura,

237 2536 310 2597 quae
344 2525 389 2577 est
422 2518 510 2578 etiam
542 2525 609 2578 ante
642 2518 840 2596 fragmentum
875 2517 1000 2578 alterum
1030 2509 1101 2598 (τοῦ
1130 2512 1229 2577 αὐτοῦ
1257 2512 1293 2576 ἐκ
1319 2514 1387 2577 τῶν

236 2619 371 2705 αὐτῶν),
401 2643 436 2684 ex
461 2624 522 2684 sola
544 2623 599 2684 bac
624 2623 722 2703 colligi
744 2631 844 2703 potest
867 2624 1036 2684 constitisse
1061 2622 1209 2683 Theodori
1233 2622 1386 2682 refutatio·

237 2749 306 2791 nem
325 2731 408 2791 libris
428 2730 640 2810 compluribus
673 2729 764 2790 Posse
784 2733 862 2791 enirn
882 2748 969 2790 voces
984 2729 1054 2790 ,τῶν
1068 2725 1176 2789 αὐτῶν
1194 2747 1261 2789 esse
1275 2730 1387 2808 geneti-

237 2856 307 2899 vum
330 2837 474 2917 pluralem
498 2841 634 2899 neutrius
657 2840 776 2917 generis
800 2840 901 2917 negari
929 2839 1041 2917 nequit.
1081 2835 1190 2897 Verum
1214 2837 1387 2897 enimvero

238 2963 305 3006 cum
329 2947 360 3006 in
384 2946 530 3006 eiusmodi
553 2944 783 3007 refutationibus
807 2944 1045 3005 adversariorum
1074 2941 1163 3004 verba
1187 2943 1249 3003 fere
1272 2945 1387 3020 integra
1427 2959 1431 2968 ·

238 3055 268 3113 iu
295 3060 467 3113 contextum
491 3055 634 3114 orationis
658 3061 758 3114 essent
781 3052 950 3134 recipienda
970 3053 1065 3129 iisque
1084 3052 1147 3130 ipsa
1165 3067 1291 3110 censura
1310 3057 1389 3108 esset

82 3219 84 3223 ,
168 3231 170 3235 ,
238 3159 383 3242 addenda,
412 3180 505 3221 unum
529 3159 606 3220 Celsi
635 3168 701 3221 octo
730 3158 814 3220 libris
836 3159 1019 3238 impugnavit
1047 3155 1205 3238 Origenes,
1232 3154 1390 3235 Porphyrii

239 3265 408 3346 quindecim
432 3269 536 3346 viginti
559 3269 691 3347 quinque
715 3266 877 3347 Eusebius,
899 3264 1097 3345 Apollinarius
1117 3264 1250 3342 triginta,
1278 3261 1389 3323 Metho-

239 3375 305 3436 dius
325 3375 427 3436 decem
448 3374 566 3435 milibus
585 3393 733 3435 versuum.
768 3374 849 3445 Quae
864 3391 933 3434 cum
951 3374 991 3432 ita
1013 3373 1081 3453 sint,
1100 3368 1284 3431 confidenter
1303 3386 1389 3447 nega·

240 3500 305 3543 mus
329 3499 419 3562 parvo
443 3480 541 3541 libello
566 3480 755 3542 Theodorum
779 3483 957 3541 insectatum
982 3497 1047 3538 esse
1070 3476 1225 3538 lulianum.
1264 3475 1328 3546 Qua
1351 3474 1388 3536 de

239 3608 272 3649 re
295 3587 380 3668 plura
405 3591 429 3648 si
452 3589 591 3648 conicere
619 3588 775 3668 vellemus,
805 3589 912 3647 nimiae
936 3588 1117 3648 curiositatis
1141 3585 1389 3664 vituperationem

241 3696 347 3756 merito
371 3694 548 3755 subiremus.
590 3694 730 3774 Inscripti
759 3702 857 3753 autem
882 3702 966 3754 erant
990 3692 1099 3772 singuli
1122 3692 1191 3752 libri
1215 3685 1389 3763 Θεοδώρου

242 3798 466 3878 Μοψουεειία(
490 3799 571 3877 πρὸ(
594 3798 650 3861 τὰ(
678 3796 758 3861 κατὰ
783 3797 977 3875 Χριετιανῶν
1001 3794 1190 3874 κατηγορία(
1214 3791 1389 3866 Ἰουλιᾳνοῦ

240 3909 299 3972 τοῦ
318 3903 504 3984 παραβάτου
530 3901 651 3986 βιβλίον
669 3908 800 3983 πρῶτον
823 3926 877 3968 seu
900 3903 997 3984 ropac
1016 3905 1152 3981 aprinos,
1178 3899 1299 3980 βιβλίον
1318 3898 1389 3962 δεύ-

241 4031 338 4090 τερον
361 4033 414 4075 seu
437 4011 535 4092 τόμος
559 4011 710 4090 δεύτεροι
733 4022 789 4075 ete.
825 4013 858 4074 ld
882 4013 961 4093 qrrod
980 4013 1109 4073 efficitur
1132 4029 1168 4070 ex
1191 4008 1290 4069 verbis
1314 4008 1390 4086 frag·

317 4279 341 4346 1)
360 4276 497 4332 Harduini
516 4278 580 4331 acta
599 4274 788 4329 conciliorum.
821 4272 942 4328 Parisiis.
959 4279 1035 4328 1714.
1055 4272 1104 4327 fol.
1118 4271 1158 4324 ΙΙΙ
1171 4288 1199 4339 p.
1216 4270 1314 4322 104A:
1334 4269 1390 4322 An-

241 4365 348 4422 tiochia
362 4367 462 4421 relicta
474 4365 504 4419 in
518 4365 637 4419 Tarsum
651 4361 874 4432 transmigravit:
895 4380 928 4417 ex
942 4377 998 4430 que
1012 4361 1041 4415 in
1055 4358 1256 4430 Mopsuestiam
1271 4357 1391 4424 mansiib,

243 4455 387 4511 ordinatus
405 4455 435 4509 in
453 4472 487 4509 ee
505 4455 660 4525 episeopus.
