3194 4904
241 302 282 367 18
751 303 841 374 Caput
859 305 884 359 I.

130 459 133 465 ’
238 466 345 530 Iuliani
367 468 444 529 libri.
482 466 582 541 Quid?
605 469 683 548 quod
707 471 771 548 ipse
793 468 926 530 lulianus
943 488 971 548 p.
991 465 1095 530 218Α
1116 469 1275 546 profitetur
1297 485 1387 547 pecu-

239 574 353 636 liariter
372 595 403 636 se
423 585 559 656 acturum
575 594 640 636 esse
655 576 692 636 de
712 575 931 654 evangeliorum
949 571 1110 655 prodigiis?
1133 574 1162 634 id
1182 574 1262 652 quod
1281 575 1389 635 fecisse

240 701 308 743 eum
332 683 424 744 altero
448 685 548 762 operis
576 685 622 744 sui
649 683 726 744 libro
750 683 879 744 eflicitur
904 701 939 743 ex
964 702 992 762 p.
1012 679 1075 743 261
1092 681 1131 762 E,
1155 680 1207 742 ubi
1230 685 1260 742 in
1280 681 1391 742 Christi

239 789 454 871 genealogiam,
476 793 508 851 in
532 809 590 869 qua
612 789 770 851 referenda
794 789 932 851 differant
955 789 1120 850 Matthaeus
1144 796 1174 849 et
1196 789 1300 871 Lucas,
1324 789 1387 850 dili·

239 905 343 976 genter
371 915 403 957 se
426 899 641 976 inquisiturum
670 916 736 958 csse
760 897 831 958 dicit
858 899 889 957 in
918 897 1010 958 altero
1039 896 1123 956 libro.
1164 897 1266 957 'lertio
1290 905 1390 957 autem

238 1004 397 1065 verisimile
426 1023 492 1064 esse
519 1006 550 1065 in
579 1023 702 1065 examen
730 1023 798 1065 eum
827 1022 947 1066 vocasse
983 1003 1096 1083 reliqua
1125 1005 1193 1063 nori
1220 1004 1390 1064 testamenti

239 1113 348 1190 scripta
373 1113 405 1171 in
433 1110 526 1172 altero
549 1111 782 1190 prolegomenon
810 1114 905 1191 capite
935 1129 1126 1191 exponemus,
1167 1109 1252 1170 Haud
1280 1109 1389 1169 absona

238 1220 329 1296 igitur
357 1217 563 1279 videturesse
588 1221 758 1279 coniectura
788 1227 933 1279 servatam
956 1236 1022 1278 esse
1051 1219 1082 1312 'pr
1105 1217 1224 1277 blacarii
1246 1216 1390 1295 Magnetis

240 1325 400 1403 apocritico
420 1343 554 1404 magnam
573 1324 695 1386 alterius
719 1333 750 1385 et
773 1327 853 1386 tertii
875 1324 1020 1386 librorum
1043 1323 1243 1384 lulianeorum
1265 1331 1389 1403 partem,

238 1439 268 1492 el
296 1431 418 1494 alterius
447 1433 550 1513 linem,
577 1435 659 1493 tertii
687 1434 805 1494 initium
832 1435 863 1493 in
892 1432 989 1493 medio
1020 1431 1097 1492 libro
1126 1433 1214 1491 tertio
1238 1432 1391 1510 apocritioi

241 1541 380 1620 inveniri,
404 1538 455 1599 urbi
479 1547 596 1600 exstant
618 1539 708 1600 verba
728 1537 838 1614 ἑτέρα(
858 1536 1040 1600 scoacum<
1063 1534 1144 1614 ἀρχὴ
1165 1535 1285 1599 ἐκτῶν
1308 1532 1389 1613 πρά-

238 1648 321 1708 Ξεων
348 1643 399 1706 καί
426 1647 484 1708 τοῦ
516 1642 707 1708 ἀποετόλου.
754 1645 863 1708 Blanda
891 1649 1062 1707 coniectura
1092 1679 1134 1689 ·-
1165 1662 1262 1723 neque
1296 1651 1394 1704 tamen

238 1751 418 1832 accipienda.
455 1753 546 1814 Multa
565 1756 643 1814 enim
669 1757 792 1814 suntin
815 1753 984 1833 philosophi
1007 1753 1180 1832 fragmentis
1204 1769 1279 1830 quae
1302 1768 1318 1810 a
1341 1749 1389 1810 Iu·

237 1858 315 1918 liano
339 1868 390 1921 aut
409 1859 467 1921 diei
487 1879 546 1920 non
564 1863 718 1940 potuerint
737 1870 787 1920 ant
806 1860 884 1921 dicta
902 1878 963 1920 non
985 1878 1051 1920 esse
1069 1861 1164 1939 possit
1183 1836 1388 1935 demonstrari.

238 1965 299 2025 lam
322 1967 440 2027 initium
464 1968 605 2028 faciamus
629 1966 665 2026 ah
691 1969 729 2027 iis
752 1964 856 2046 rebus,
884 1984 958 2044 quae
987 1967 1112 2025 minoris
1139 1966 1280 2025 momenti
1310 1972 1388 2024 sum.

238 2072 315 2134 Dicit
349 2073 541 2153 philosophus
569 2094 598 2154 p.
627 2071 683 2154 23,
709 2071 749 2134 16
769 2092 846 2154 sqq.;
877 2070 953 2154 162,
977 2073 997 2134 6
1017 2091 1081 2151 sqq.
1113 2072 1150 2132 dc
1181 2069 1390 2132 innumerabili

238 2151 474 2241 Ch'ristianorum
499 2180 687 2241 multitudine
712 2179 780 2240 fidei
804 2198 892 2265 causa
916 2180 951 2239 ad
976 2187 1101 2239 mortem
1125 2178 1227 2259 ducta3
1256 2177 1286 2237 id
1311 2177 1389 2256 quod

239 2286 344 2347 melius
368 2286 477 2347 dixisse
497 2286 695 2365 Porphyrium
719 2285 765 2346 vel
783 2285 964 2366 Hieroclem,
988 2289 1039 2364 qui
1061 2285 1154 2345 libros
1173 2303 1243 2345 suos
1263 2287 1388 2364 scripse·

238 2400 308 2452 runt
332 2393 402 2453 dum
425 2401 649 2472 persequuntur
668 2392 865 2474 Christianos,
889 2410 977 2471 quam
1000 2392 1145 2452 lulianum
1168 2393 1388 2472 imperatorem,

238 2519 327 2579 quem
351 2507 466 2560 constat
488 2501 547 2560 vim
570 2501 601 2559 in
624 2499 690 2560 illos
714 2519 774 2561 non
797 2499 980 2580 adhibuisse,
1008 2501 1214 2579 unusquisque
1237 2500 1293 2562 sihi
1321 2517 1388 2579 per·

238 2607 381 2668 suadebit.
423 2606 532 2684 Pagina
556 2614 654 2668 autem
678 2604 719 2668 57
727 2655 736 2689 ,
758 2604 798 2668 16
830 2606 998 2687 philosophi
1025 2609 1218 2669 inveniuntur
1240 2606 1329 2668 verba
1353 2603 1390 2667 ἐν

237 2710 372 2793 Ἰουδαίᾳ
395 2717 451 2794 γῇ,
479 2732 547 2774 eum
570 2712 701 2774 lulianus
725 2732 843 2794 semper
867 2715 945 2774 dicat
971 2712 991 2790 ἡ
1016 2709 1151 2775 Ἰουδαία
1175 2723 1226 2775 aut
1248 2716 1288 2790 γῆ
1312 2708 1387 2774 ’Ἰου-

238 2817 324 2897 δαία,
348 2815 484 2883 Ἰουδαία
510 2823 550 2897 γῆ
575 2839 633 2881 non
662 2824 741 2882 item.
780 2817 879 2891 Quid?
910 2820 989 2899 quod
1018 2839 1086 2881 cum
1114 2840 1151 2881 ne
1180 2840 1239 2881 uno
1269 2821 1388 2900 quidem
1494 2867 1500 2878 .

236 2927 302 2988 loeo
322 2927 558 2989 Christianorum
582 2930 700 2989 nornine
724 2935 826 2989 utatur
843 2927 984 3009 Iulianae,
1008 2945 1083 3006 qnos
1107 2945 1225 3006 semper
1244 2926 1388 2989 Galilaeos

237 3022 330 3111 vocet,
354 3037 385 3097 in
407 3034 575 3116 philosophi
605 3036 777 3114 fragmentis
801 3034 998 3095 Galilaeorum
1022 3054 1081 3095 non
1110 3035 1144 3094 tit
1167 3037 1292 3115 mentio,
1314 3036 1387 3112 quin

237 3145 326 3204 etiam
354 3163 381 3221 p.
411 3140 489 3224 201,
517 3139 538 3204 5
571 3151 773 3203 memorantur
804 3136 1036 3224 Χριετιανοίίῑ),
1082 3141 1262 3202 Gravissima
1290 3148 1389 3200 antem

237 3259 410 3329 argumenta
434 3269 469 3310 eo
493 3257 563 3310 sunt
585 3249 760 3329 repetenda,
788 3248 866 3328 quod
890 3248 968 3329 apud
993 3249 1065 3310 alios
1084 3251 1247 3328 scriptores
1271 3253 1390 3308 exstant

237 3355 343 3417 Iuliani
366 3356 510 3417 librorum
534 3356 712 3437 fragmenta,
732 3356 844 3435 'quibus
868 3356 904 3416 de
927 3357 1034 3417 iisdem
1057 3355 1147 3417 rebus
1171 3363 1274 3435 agatur
1300 3363 1388 3433 atque

238 3463 406 3543 philosophi
430 3462 606 3542 quibusdam
630 3461 719 3542 locis,
747 3462 799 3521 sed
823 3464 878 3543 ita,
908 3471 942 3522 ut
965 3471 1015 3523 aut
1038 3463 1208 3542 proferatur
1232 3463 1388 3540 sententia,

239 3587 314 3648 quae
342 3568 516 3648 philosopho
545 3577 704 3649 repugnet,
740 3577 790 3629 aut
818 3568 920 3628 eadem
950 3571 1096 3629 sententia
1126 3570 1191 3629 aliis
1223 3567 1322 3628 verbis
1349 3568 1388 3627 sit

240 3677 411 3753 consignata
435 3681 524 3752 atque
548 3692 583 3734 eo
608 3674 703 3755 modo,
727 3682 843 3735 utnon
867 3673 946 3734 idem
970 3693 1035 3735 esse
1054 3673 1159 3736 Iuliani
1182 3683 1270 3754 atque
1293 3673 1387 3754 philo·

239 3781 325 3861 sophi
358 3782 556 3860 fragmentum
587 3781 674 3860 plane
703 3788 842 3861 appareat
869 3800 966 3860 neque
997 3785 1130 3862 potuisse
1157 3780 1303 3843 lulianum
1331 3781 1387 3841 alio

238 3889 303 3950 loco
332 3888 368 3949 dc
392 3889 497 3949 eodem
521 3891 687 3968 scripturae
717 3907 806 3948 versu
834 3891 874 3950 ita
897 3907 998 3971 agere,
1026 3897 1060 3950 ut
1082 3889 1151 3950 inde
1179 3889 1388 3968 depromptum

239 4014 305 4057 esse
327 3996 480 4058 videretur
503 3996 671 4077 philosophi
689 3995 852 4080 ,Macariani
875 3998 1082 4074 fragmentum.
1120 3995 1184 4056 Non
1204 3994 1270 4056 dico
1294 3995 1387 4074 philo·

311 4172 337 4237 1)
361 4169 461 4231 Hiatus
484 4187 594 4238 quoque
619 4167 745 4223 evitandi
768 4167 852 4222 eliam
875 4167 1024 4222 studiosior
1043 4167 1150 4221 Iuliano
1173 4166 1259 4220 fuisse
1278 4165 1388 4220 videtur

240 4257 421 4328 philosophus
445 4257 628 4314 Macarianus.
667 4257 728 4322 Qua
753 4258 848 4310 tamen
872 4274 886 4311 e
914 4255 1076 4311 diversitate
1101 4273 1168 4310 cave
1192 4257 1388 4325 argumentum

238 4350 327 4418 petas.
355 4346 428 4401 Nam
448 4365 510 4403 oum
525 4346 585 4418 ipse
600 4347 738 4401 Macarius
757 4345 879 4401 severior
892 4349 965 4400 esset
983 4346 1012 4400 in
1030 4346 1110 4400 hiatu
1124 4345 1312 4414 admittendo,
1328 4343 1388 4398 lieri

238 4437 343 4508 potuit,
363 4440 395 4492 nb
414 4438 499 4492 eliam
517 4437 679 4507 philosophi
698 4435 784 4491 verba
803 4435 997 4490 consuetudini
1016 4453 1082 4491 suae
1101 4434 1333 4490 accommodaret.
