3194 4904
652 254 692 306 Da
712 253 812 309 Iuliani
830 254 963 308 librorum
982 255 1055 309 fatis.
1410 252 1427 314 7

281 416 331 479 καὶ
351 418 528 495 φλήναφον
546 417 587 480 τὰ
603 418 764 496 τιμώμενα
772 417 805 500 ¹),
825 418 1010 498 (οφώτεροε
1030 419 1065 481 ἐν
1080 423 1147 482 τοῐ(
1163 418 1272 482 αὐτοῖς
1287 419 1428 484 hebetare

280 527 338 587 τοῦ
362 524 479 601 Τυρίου
502 525 661 602 γέροντο(Ι
681 521 738 612 (sc.
761 523 976 610 Πορφυρὶου).
1014 528 1073 588 lam
1097 547 1167 588 vero
1191 547 1259 588 cum
1282 527 1428 588 lullonum

280 633 465 694 Antiochiam
490 634 646 712 reliquisse
670 643 787 696 constet
810 654 834 696 a.
858 635 885 696 d.
906 634 954 724 III.
978 635 1051 695 Non.
1071 627 1197 716 Marti),
1221 637 1428 713 cognoscimus

280 740 348 800 inde
372 742 546 822 terminum,
571 750 637 802 ante
662 761 750 822 quem
775 744 879 822 scrIpti
907 745 966 803 sint
989 759 1111 802 necesse
1136 750 1182 802 est
1209 743 1229 801 ii
1258 741 1427 821 dequibus

280 849 394 926 agimus
417 846 500 928 libri,
530 851 554 907 si
578 847 698 927 quidem
722 857 804 910 recte
827 851 984 910 statuimus
1008 848 1179 908 Antiochiae
1204 867 1255 908 ecs
1278 848 1313 908 ad
1338 849 1426 908 linem

279 955 440 1034 perductos
468 973 542 1017 esse.
591 956 686 1034 Atque
720 955 775 1016 hoc
808 956 928 1036 quidem
956 935 1078 1035 negavit
1106 954 1267 1016 Teuffelius
1296 948 1426 1038 (Pauly’s

279 1062 577 1142 Realencyclopaedie
600 1062 637 1121 IV
659 1058 740 1146 416)
772 1072 835 1124 tum
863 1064 983 1123 demum
1011 1081 1062 1123 eos
1080 1065 1238 1142 ,perlectos
1267 1080 1331 1123 esse
1356 1080 1425 1122 con-

278 1171 412 1251 tendens,
427 1189 495 1231 curn
509 1170 640 1232 lulianus
655 1171 757 1254 relicta
767 1170 920 1231 Antiochia
935 1170 1046 1232 bellum
1061 1176 1163 1231 contra
1178 1170 1284 1230 Persas
1299 1150 1439 1250 gereret

255 1277 386 1338 ·Mirum
410 1286 491 1338 certe
515 1296 574 1338 non
598 1286 644 1339 est
671 1281 880 1357 imperatorem
905 1281 993 1339 etiam
1016 1297 1069 1357 per
1093 1295 1243 1338 armorum
1268 1279 1425 1356 strepitum

279 1390 309 1444 et
331 1382 469 1444 tubarum
494 1387 623 1445 sonitum
647 1383 754 1444 litteris
778 1401 909 1465 vacasse;
933 1403 1029 1464 neque
1054 1391 1151 1443 tamen
1176 1385 1247 1442 satis
1271 1401 1357 1462 grave
1379 1391 1425 1443 est

278 1510 336 1571 quo
366 1490 529 1551 Teulielihs
561 1493 667 1552 nititur
694 1491 867 1570 Hieronymi
895 1493 1112 1572 testimonium3
1142 1508 1231 1569 quem
1264 1507 1323 1548 non
1352 1507 1426 1568 nego

278 1598 312 1658 ad
337 1601 551 1659 accuratiorem
577 1601 709 1659 notitiam
730 1617 831 1660 rerum
856 1598 1002 1660 aluliauc
1026 1607 1175 1678 gestarum
1195 1600 1351 1677 pervenire
1375 1617 1425 1677 po-

278 1708 384 1785 tuisse,
414 1725 481 1766 nam
509 1706 705 1786 Apollinarem
733 1706 932 1767 Laodiceuum
960 1707 1133 1785 frequenter
1161 1724 1226 1766 sese
1255 1706 1425 1766 Antiochiae

277 1813 423 1874 audivisse
461 1817 634 1892 pronuntiat
671 1817 701 1874 in
734 1814 859 1894 epistula
887 1813 1039 1876 LXXXIV.
1078 1814 1112 1873 ad
1146 1812 1365 1873 Pammachium
1396 1819 1426 1872 et

207 1997 212 2002 ι
276 1919 427 1981 Oceanum
455 1921 522 1981 data
548 1920 561 1979 I
586 1917 684 1982 523u
708 1915 800 1983 Valli.
843 1921 945 2001 Neque
974 1930 1072 1981 tamen
1101 1919 1233 2000 urgenda
1262 1926 1332 1979 sunt
1361 1921 1425 1979 eius

278 2027 378 2108 verba,
402 2046 476 2105 quae
500 2031 692 2089 Inveniuntur
722 2031 753 2088 ln
777 2027 901 2107 epistula
925 2027 1010 2087 LXX.
1035 2028 1070 2088 ad
1094 2028 1230 2106 Magnum
1255 2025 1322 2086 data
1341 2021 1424 2105 (ibid.

276 2155 304 2214 p.
323 2129 457 2217 datm:
493 2135 638 2195 lulianum
671 2135 836 2214 Augustum
862 2133 913 2194 VII
947 2134 1039 2195 libros
1070 2136 1100 2194 iu
1134 2132 1321 2212 expeditione
1354 2132 1423 2192 Par·

276 2242 354 2302 thica
377 2239 533 2302 adversum
552 2241 702 2301 Christum
727 2243 907 2322 evomuisse;
929 2240 1065 2316 Parthica
1086 2243 1164 2300 enim
1188 2240 1335 2320 expeditio
1359 2242 1424 2300 lieri

276 2355 378 2428 coepta
403 2358 449 2409 est
476 2347 579 2408 relicta
605 2347 867 2427 Constantinopoli.
909 2348 1011 2427 Neque
1037 2347 1151 2408 videtur
1178 2366 1243 2406 esse
1268 2347 1422 2425 neglegen-

275 2454 344 2514 dum
368 2453 483 2515 Libanii
512 2454 693 2534 epitaphium
722 2457 838 2515 esseio
868 2474 992 2516 numero
1014 2473 1115 2516 earum
1144 2456 1320 2534 orationum,
1348 2473 1423 2533 quae

274 2562 520 2622 demonstrativae
546 2561 738 2643 vocabantur;
766 2573 854 2642 atque
882 2565 911 2622 in
937 2582 969 2623 ea
993 2565 1127 2624 oratione
1156 2563 1216 2622 veri
1241 2560 1422 2621 simillimum

275 2676 320 2728 est
339 2668 472 2729 futurum
492 2669 594 2746 luisse,
618 2676 651 2728 ut
670 2667 812 2749 laudator,
833 2657 887 2747 'qui
906 2669 1084 2748 disprulum
1104 2668 1310 2750 admiraretur,
1333 2666 1422 2728 rerba

274 2775 385 2836 Iaceret
408 2774 444 2835 de
467 2774 642 2854 philosopho
667 2778 845 2855 imperatore
869 2795 906 2836 ne
929 2778 960 2836 in
984 2778 1088 2836 castris
1113 2775 1232 2855 quidem
1256 2775 1421 2836 litterarum

192 2947 194 2957 ,
272 2874 454 2963 Immemore,
474 2885 550 2944 sire
571 2902 639 2946 vera
659 2893 721 2943 tum
742 2882 862 2944 demum
881 2884 915 2944 ad
935 2885 1024 2944 finem
1043 2884 1179 2962 perducti
1200 2892 1300 2943 essent
1319 2890 1421 2942 contra

273 2989 456 3050 Christianos
485 2989 561 3049 libri.
603 2990 644 3050 De
674 3009 801 3069 quorum
831 2999 963 3069 tempore
992 2997 1087 3051 exstat
1115 2992 1204 3050 etiam
1232 2989 1421 3068 Theophanis

273 3099 474 3157 testimonium
504 3089 562 3176 (ed.
592 3095 684 3177 Bonn.
708 3116 737 3174 p.
762 3095 818 3177 80,
844 3093 883 3157 13
904 3089 996 3178 sqq),
1028 3099 1079 3176 qui
1107 3115 1211 3157 eorum
1241 3098 1420 3156 mentionem

273 3203 352 3284 iecit,
376 3222 443 3263 curn
468 3210 604 3264 narraret
626 3223 675 3263 res
699 3221 775 3262 anno
795 3203 898 3264 mundi
917 3199 1004 3264 5855
1023 3205 1040 3262 i.
1056 3222 1081 3264 e.
1102 3222 1125 3264 a.
1141 3224 1168 3283 p.
1184 3203 1213 3263 C.
1236 3223 1263 3263 n.
1279 3197 1420 3283 3621363

272 3320 378 3390 gestas,
415 3310 494 3391 Ergo
518 3330 576 3371 non
597 3317 742 3390 repugnat
765 3313 872 3370 rationi
892 3329 978 3390 quarn
999 3309 1120 3370 Libanic
1144 3313 1204 3370 nixi
1227 3312 1435 3370 instituimus-

273 3418 375 3497 Neque
395 3437 465 3478 vero
484 3417 673 3498 Theophanis
692 3416 845 3478 dissensus
864 3417 953 3478 ullius
973 3420 1115 3478 momenti
1134 3425 1221 3504 esset,
1242 3436 1329 3496 quem
1349 3417 1419 3477 hau-

276 3527 349 3586 sisse
374 3544 425 3585 sua
450 3526 505 3586 hoc
529 3525 593 3584 loco
618 3525 693 3584 inlra
712 3524 902 3585 ostendemus
922 3543 958 3584 ex
978 3524 1078 3604 Cyrilli
1099 3527 1251 3605 prooemio
1275 3524 1418 3585 librorum

275 3640 378 3693 contra
401 3630 546 3692 Iulianum
573 3634 767 3712 scriptorum3
796 3630 847 3691 ubi
875 3650 943 3692 cum
971 3633 1114 3711 temporis
1141 3633 1245 3692 notitia
1272 3631 1419 3710 adscripta

348 3930 372 3998 1)
395 3929 436 3981 Τὰ
458 3928 598 3994 τιμώμενα
621 3927 734 3982 exhibet
756 3927 842 3982 codex
866 3926 1025 3983 Bavaricus.
1063 3927 1152 3993 Quam
1175 3928 1341 3997 scripturam
1360 3945 1418 3982 esse

273 4017 470 4087 recipiendam,
489 4016 659 4070 reiciendam
677 4017 796 4071 alteram
814 4018 850 4071 τὰ
868 4018 1003 4082 λεγόμενα
1023 4015 1143 4070 efficitur
1162 4034 1195 4071 ex
1210 4017 1334 4072 Socratis
1352 4017 1416 4071 hist.

273 4106 341 4161 eccl.
360 4107 466 4174 litae,
489 4104 539 4159 ubi
557 4105 587 4158 in
605 4105 691 4160 allato
710 4108 764 4161 hoo
784 4106 894 4159 Libanii
917 4106 978 4161 loco
997 4106 1095 4160 eadem
1113 4105 1198 4161 lectio
1218 4109 1310 4162 exstat
1326 4109 1362 4161 τὰ
1380 4125 1418 4160 τι·

292 4198 314 4250 o
336 4213 393 4250 ενα.

273 4213 291 4262 μ
317 4214 372 4352 μὲ)
391 4285 482 4339 Amm.
501 4283 585 4338 Marc.
605 4283 696 4337 XXIII
715 4290 761 4338 26:
789 4284 902 4353 iamque
925 4284 1069 4354 apricante
1092 4285 1170 4339 caelo
1193 4284 1307 4339 tertium
1330 4299 1417 4340 nonas

273 4371 387 4427 Martias
405 4372 547 4442 profectus
565 4371 738 4444 Hierapolim
757 4372 846 4429 solitis
865 4371 1010 4428 itineribus
1029 4371 1114 4429 venit.
