3192 4906
262 291 306 354 92
771 288 862 358 caput
880 290 899 342 1.

258 467 289 518 et
308 461 338 518 in
362 465 425 518 toto
449 475 539 536 opere
568 456 695 518 tideliter
719 458 845 517 servavit
867 456 1087 535 Theodoretus,
1115 457 1276 534 repetitum
1300 473 1365 515 esse
1394 473 1411 514 a

259 564 371 626 luliano
391 564 469 643 haud
489 563 573 624 lacile
588 565 766 649 negaverim,
799 563 858 624 Sed
878 562 956 623 aliud
971 571 1016 622 est
1035 561 1141 641 legisse
1157 562 1285 641 aliquem
1300 561 1409 621 librum

259 681 289 732 et
317 689 353 731 ex
382 689 417 730 eo
447 673 617 750 percepisse
645 669 756 748 aliquid
788 669 939 750 utilitatis,
971 667 1049 729 aliud
1079 686 1146 728 eum
1175 671 1273 747 ipsum
1301 666 1410 728 librum
1438 734 1440 742 ,

258 778 414 839 refutasse.

348 883 434 954 Quod
454 886 480 943 si
503 885 621 962 quaeris
641 902 700 962 quo
724 893 858 962 tempore
878 886 981 964 scripti
1001 885 1060 942 sint
1083 881 1305 960 therapeuticae
1328 880 1411 942 libri:

258 998 415 1052 exstante
440 990 583 1051 Garnerio
608 993 665 1050 iam
689 991 774 1052 allata
797 993 892 1070 ipsius
912 990 1093 1051 Theodoreti
1118 988 1206 1049 verba
1229 989 1259 1047 in
1283 987 1410 1067 epistula

260 1094 323 1158 113
343 1098 378 1158 ad
394 1097 524 1159 Leonem
540 1100 713 1177 episcopum
727 1097 892 1158 Romanum
907 1097 974 1158 data
989 1090 1049 1180 (ed.
1065 1095 1189 1156 Schulze
1204 1094 1241 1153 lV
1255 1114 1283 1174 p.
1300 1090 1410 1170 1191).

259 1204 340 1275 Quae
364 1203 485 1282 quidem
509 1206 619 1283 scripta
643 1211 689 1264 est
712 1212 838 1264 exeunte
863 1221 939 1263 anno
963 1197 1042 1283 449,
1065 1221 1133 1262 nam
1157 1203 1351 1281 conqueritur
1374 1219 1409 1260 ea

258 1311 464 1372 Theodorotus
488 1311 525 1372 de
553 1312 590 1370 iis
612 1310 719 1391 rebus,
750 1329 823 1389 quas
846 1328 951 1390 passus
980 1311 1018 1370 sit
1045 1311 1076 1370 in
1100 1308 1226 1370 concilio
1250 1308 1411 1388 Ephesino,

258 1416 337 1496 quod
357 1425 474 1478 constat
497 1420 614 1478 initium
639 1421 753 1498 cepisse
773 1435 798 1478 a.
820 1418 847 1478 d.
866 1418 911 1479 Vl.
935 1417 976 1478 ld.
995 1418 1067 1496 Aug.
1087 1435 1111 1477 a.
1130 1413 1204 1476 449.
1241 1412 1323 1477 ”ficu
1346 1411 1408 1490 γάρ

258 1543 320 1601 μοι,
345 1527 442 1603 iuquit
461 1524 675 1605 Theodoreus,
698 1523 738 1586 τὰ
762 1523 820 1599 μὲν
839 1522 903 1600 πρὸ
922 1520 1018 1586 εἴκοει
1037 1522 1120 1586 ἐτῶν
1139 1520 1410 1598 (υγγεγραμμένα,

258 1629 300 1692 τὰ
326 1629 361 1692 δὲ
386 1629 449 1706 πρὸ
477 1628 706 1708 ὀκτωκαίδεκα,
733 1629 832 1692 τὰδὲ
860 1629 924 1707 πρὸ
947 1628 1186 1707 πεντεκαίδεκα,
1214 1627 1255 1690 τὰ
1282 1627 1317 1689 δὲ
1347 1625 1410 1703 πρὸ

258 1734 462 1813 δυοκαίδεκα,
491 1735 531 1798 τὰ
559 1737 616 1815 μὲν
651 1737 731 1814 πρὸ(
754 1734 938 1814 Ἀρειανοὺ(
965 1737 1016 1800 καὶ
1044 1735 1273 1814 Εὐνομιανοὺε,
1306 1733 1345 1796 τὰ
1373 1733 1408 1795 δὲ

258 1842 339 1920 πρὸ(
354 1840 526 1907 Ἰουδαίου(
542 1843 592 1906 καὶ
611 1843 777 1922 (Ἐλληναε,
793 1839 832 1906 τὰ
847 1845 882 1906 δὲ
901 1843 983 1921 πρὸ(
996 1844 1072 1907 τοὺ(
1086 1843 1122 1907 ἐν
1136 1841 1266 1920 Περ11δ1
1281 1839 1409 1920 edrone,

258 1947 341 2012 ἄλλα
365 1948 438 2026 περὶ
461 1953 517 2028 τῆ(
540 1949 870 2028 καθόλοοπρονοίαε,
895 1950 989 2028 ἕτερα
1012 1950 1048 2014 δὲ
1072 1950 1145 2027 περὶ
1167 1947 1336 2024 θεολογία(
1359 1948 1410 2011 καὶ

256 2062 313 2136 τῆ(
337 2056 425 2121 θεία(
443 2057 724 2136 ἐνανθρωπήεεωε.
762 2061 803 2120 Ac
826 2062 949 2138 nequis
972 2069 1058 2140 putet
1076 2067 1217 2138 quattuor
1240 2068 1408 2137 temporum

258 2169 416 2228 momentis
436 2167 617 2246 respondere
637 2186 762 2247 operum
781 2165 937 2228 allatorum
960 2169 1081 2226 seriem:
1106 2185 1165 2226 non
1185 2150 1325 2245 quattuor
1348 2183 1406 2223 me·

258 2282 426 2354 morantur,
457 2272 509 2334 sed
538 2275 669 2352 quinque
698 2281 749 2334 aut
781 2273 895 2352 singula
927 2291 1017 2352 opera
1046 2281 1096 2333 aut
1127 2271 1212 2353 plura
1241 2273 1408 2331 coniuncta.

258 2380 440 2460 Temporum
464 2387 563 2440 autem
591 2380 726 2440 ordinem
752 2398 814 2439 non
843 2387 990 2440 serratum
1020 2397 1086 2439 csse
1114 2378 1349 2440 luculentissime
1373 2397 1408 2438 eo

257 2487 493 2566 demonstratur,
521 2485 599 2564 quod
625 2485 699 2545 dorae
729 2485 823 2546 solum
852 2504 884 2545 re
909 2504 977 2546 vera
1005 2493 1121 2546 exstent
1149 2502 1273 2564 operum
1302 2488 1408 2547 series:

257 2593 348 2654 altera
379 2611 484 2654 eorum
516 2590 624 2670 quibus
657 2592 818 2654 adversarii
850 2595 1075 2672 impugnantur,
1108 2591 1210 2653 alteris
1242 2594 1339 2671 agittu·
1371 2593 1406 2653 111

257 2701 403 2761 doctrinis
432 2699 677 2761 Christianorum.
720 2699 815 2770 Quam
849 2700 1024 2761 divisionem
1059 2717 1117 2760 non
1148 2700 1298 2760 fortuitam
1333 2719 1408 2780 esse,

258 2808 310 2869 sed
334 2806 370 2867 ab
398 2809 492 2886 ipsius
516 2808 646 2867 auctoris
670 2805 794 2866 consilio
821 2807 985 2886 prolectam
1013 2805 1081 2866 inde
1106 2817 1241 2887 apparet,
1270 2807 1348 2887 quod
1377 2811 1406 2868 in

256 2916 348 2976 altera
378 2917 455 2975 serie
484 2912 663 2974 adhibentur
691 2932 778 2974 voces
806 2911 846 2974 τὰ
874 2911 944 2990 μὲν,
972 2910 1012 2974 τὰ
1040 2912 1089 2992 δὲ,
1117 2911 1157 2976 τὰ
1181 2912 1228 2990 δὲ,
1260 2917 1290 2975 in
1315 2914 1406 2976 altera

255 3020 352 3099 ἄλλα,
382 3020 476 3098 ἕτερα
500 3020 545 3082 δέ.
587 3021 689 3099 ltaque
722 3023 762 3084 in.
785 3022 908 3082 vetitum
936 3023 1114 3096 niteremur,
1147 3023 1172 3080 si
1201 3039 1276 3100 opus
1304 2993 1406 3082 cultra

256 3131 385 3190 Graecos
410 3131 564 3208 scriptum,
588 3128 617 3188 id
642 3140 687 3190 est
710 3128 930 3207 therapeuticae
954 3125 1060 3205 1111101,
1084 3127 1163 3205 quod
1187 3127 1318 3188 secundo
1342 3127 1406 3189 loco

256 3239 434 3315 nominatur,
457 3237 544 3294 iniis
568 3252 634 3294 esse
658 3234 891 3316 adfirmaremus,
912 3252 987 3313 quos
1011 3233 1212 3312 duodeviginti
1236 3237 1320 3295 annis
1338 3246 1405 3296 aute

256 3361 287 3403 se
318 3344 474 3422 scripsisse
498 3339 704 3401 Theodoretus
732 3343 901 3402 autumavit.
941 3340 1045 3418 Neque
1074 3342 1154 3400 enim
1182 3343 1340 3420 quicquam
1370 3361 1404 3402 ex

256 3451 320 3509 eius
340 3446 438 3508 verbis
458 3447 576 3507 efficere
596 3464 755 3526 possumus
775 3449 831 3506 nisi
850 3446 996 3526 prodiisse
1016 3445 1171 3506 duodecim
1191 3446 1284 3507 libros
1304 3458 1405 3509 contra

256 3554 383 3613 Graecos
403 3572 438 3613 1ο
462 3555 605 3631 temporis
630 3555 733 3633 spatio,
757 3554 842 3613 cuius
863 3556 976 3632 primus
999 3571 1094 3614 annus
1114 3555 1226 3633 viginti,
1250 3553 1405 3616 duodecim

255 3661 340 3720 annis
364 3659 487 3720 ultimus
511 3658 546 3718 ab
571 3657 714 3737 epistulae
736 3655 798 3719 113
822 3667 955 3739 tempore
980 3662 1134 3720 seiunctus
1158 3669 1233 3741 erat3
1258 3679 1293 3720 eo
1316 3663 1406 3741 igitur

255 3768 307 3845 qui
336 3767 391 3827 tuit
419 3767 498 3826 inter
526 3766 623 3825 exitus
653 3783 797 3826 annorum
822 3763 886 3827 499
912 3764 1178 3847 1143111111.
1217 3767 1282 3838 Quo
1307 3766 1405 3828 redar-

254 3874 355 3952 guitur
388 3880 446 3932 tam
476 3869 596 3931 Baronii
629 3875 775 3934 sententia
805 3893 820 3933 a
852 3874 994 3934 Garnerio
1026 3873 1124 3955 allata,
1157 3875 1208 3952 qui
1236 3892 1313 3934 anno
1341 3871 1405 3934 439

254 3981 382 4059 scriptos
406 3997 471 4038 esse
501 3981 618 4041 censuit
641 3998 693 4040 eos
721 3979 757 4040 de
782 3980 890 4058 quibus
918 3983 1032 4059 agimus
1061 3979 1167 4055 libros,
1196 3997 1284 4058 quam
1312 3982 1406 4060 ipsius

255 4087 403 4166 Garnerii,
432 4087 483 4163 qui
512 4086 621 4147 mavult
650 4084 857 4148 1111111491.
900 4087 954 4148 Est
977 4097 1075 4148 autem
1104 4089 1192 4148 etiam
1221 4086 1296 4146 alius
1323 4087 1407 4148 locus

254 4196 284 4253 in
308 4190 488 4251 Theodoreti
517 4190 615 4269 libris,
644 4211 680 4252 ex
708 4210 767 4271 quo
796 4195 908 4253 certius
932 4191 1041 4271 aliquid
1071 4195 1189 4254 efficere
1213 4200 1337 4252 conatus
1361 4201 1408 4252 est

255 4300 424 4360 Garnerius
462 4298 534 4358 Nam
558 4297 614 4358 sub
638 4299 727 4358 tinem
750 4299 959 4379 disputationis
977 4299 1036 4360 Vll.
1056 4298 1173 4382 p298,
1191 4299 1228 4361 11
1246 4301 1270 4360 G
1294 4302 1405 4361 mentio

255 4408 287 4466 tit
311 4405 410 4484 legum
434 4415 537 4466 contra
565 4423 694 4485 paganos
722 4404 846 4466 latarum
871 4406 970 4467 verbis
994 4407 1054 4468 his:
1081 4406 1121 4468 τὰ
1151 4407 1209 4484 μὲν
1232 4403 1408 4483 ὀψοποιο11
