3192 4906
267 305 332 369 144
370 274 374 278 ’
759 303 852 374 capue
868 301 916 360 111.

266 473 302 534 de
336 472 637 553 saint-cyrille,
667 480 761 552 patr.
794 470 1088 552 d’Alerandrie,
1122 477 1263 530 eontra
1291 466 1408 529 lulia-

266 599 350 640 num
374 575 436 660 gr?

351 681 413 768 ,11)
433 685 462 748 Ψ
476 695 523 748 est
540 681 657 747 codex
672 679 946 756 Secti-alensis
966 685 1003 745 dc
1018 701 1077 764 quo
1096 684 1169 744 haec
1182 683 1287 764 Miller,
1303 682 1411 743 catalo-

268 811 325 873 gue
354 793 406 854 des
435 811 503 854 mss.
532 811 618 872 grecs
647 792 683 852 de
710 791 738 852 la
765 791 835 852 bibl.
862 793 898 853 de
926 789 1081 852 l’llscuriel
1112 810 1141 870 p.
1164 787 1244 852 436:
1281 785 1347 851 “ll'.
1373 819 1410 832 *-

268 899 316 960 ΙΠ.
339 933 384 943 -
409 897 459 960 12.
482 897 558 960 463.
590 898 624 958 ln
646 894 689 960 4⁰.
713 898 750 959 de
774 895 839 960 223
862 899 1002 980 feuillets,
1026 916 1064 958 cn
1086 899 1191 977 papien
1213 897 1250 958 de
1273 905 1362 957 coton
1384 904 1414 956 et

267 1005 306 1066 du
335 1005 416 1066 11111θ
445 1006 544 1067 siecle.
590 1006 690 1066 'lraite
718 1005 755 1066 de
785 1006 862 1066 saint
889 1004 997 1084 Cyrille
1026 1012 1129 1065 contre
1152 1003 1265 1085 tulien,
1298 1021 1336 1063 en
1364 1002 1412 1062 din

266 1108 388 1174 livres.''
427 1112 551 1174 Sseoulo
570 1111 642 1172 XIV.
662 1111 795 1173 codicem
813 1111 919 1174 tribuit
938 1111 1087 1172 Gustatus
1104 1110 1220 1192 loeus,
1244 1127 1321 1172 saec.
1341 1108 1411 1169 xlv.

268 1220 369 1281 -XV.
393 1220 516 1282 Carolus
540 1219 647 1281 Graux.

359 1321 414 1406 12)
430 1322 457 1386 Ω
472 1334 518 1387 est
531 1319 634 1387 alter
648 1320 765 1386 codex
779 1320 1046 1397 Soorielensis,
1061 1325 1097 1386 de
1113 1343 1173 1404 quo
1186 1324 1282 1385 Miller
1295 1343 1324 1404 p.
1335 1321 1413 1385 478:

268 1429 289 1458 “
298 1429 333 1494 Ω.
360 1466 398 1476 —
424 1430 473 1492 lll.
497 1465 540 1476 -
563 1429 592 1493 ὃ.
617 1428 692 1494 534.
729 1431 761 1492 ln
788 1432 837 1493 iol.
861 1450 898 1494 en
918 1435 1024 1514 papier
1047 1441 1078 1493 et
1101 1433 1140 1493 dn
1164 1431 1227 1490 XV⁰
1250 1431 1348 1492 siecle.
1374 1425 1412 1491 1⁰.

267 1536 555 1616 Προεφωνητικόε“
577 1536 652 1614 περὶ
685 1541 741 1615 τῆς
777 1535 875 1616 ὀρθῆς
910 1537 1062 1615 stereon,
1098 1556 1153 1619 par
1188 1537 1271 1600 Saint
1308 1537 1413 1618 Cyrille

268 1646 481 1708 d'rllexandrie.
523 1639 558 1706 2⁰
581 1644 681 1706 Traite'
708 1646 744 1706 de
769 1646 854 1708 Saint
877 1646 985 1727 Cyrille
1008 1644 1214 1706 d'dlexandrie
1236 1654 1341 1707 centro
1364 1645 1413 1705 lu-

267 1753 337 1835 lien‚
356 1772 393 1814 en
412 1752 462 1812 dix
480 1747 603 1812 livres.”
631 1751 902 1829 lipocpmvnrmdc
921 1762 968 1814 est
985 1751 1130 1812 librorum
1149 1759 1253 1814 contra
1269 1751 1414 1842 lulianum

268 1863 461 1940 prooemium.
502 1840 597 1929 Quem
621 1859 755 1920 codicem
772 1880 788 1921 a
806 1859 921 1921 llillero
945 1859 1064 1921 saeculo
1081 1859 1139 1920 XV.
1164 1869 1247 1921 reete
1269 1859 1414 1922 tributum

269 1987 335 2030 esse
360 1975 484 2028 censent
506 1965 643 2028 boewius
667 1976 697 2028 et
720 1967 875 2029 Grauxius.
922 1967 1040 2029 Codicis
1063 1977 1163 2029 autem
1185 1967 1254 2028 iulia
1282 1967 1415 2027 numeris

271 2093 330 2135 non
359 2077 472 2153 signata
500 2082 589 2154 atque
616 2074 747 2153 singulas
774 2077 897 2155 paginas
923 2075 1003 2136 binis
1025 2075 1169 2136 columnis
1194 2083 1328 2135 exaratas
1351 2090 1416 2135 esse

271 2183 350 2242 idem
372 2179 509 2241 Loewius
538 2180 610 2241 mihi
638 2183 765 2261 scripsit.
807 2181 865 2253 Qui
893 2201 960 2243 cum
991 2199 1069 2242 anno
1094 2179 1179 2243 1878
1207 2183 1238 2242 in
1260 2175 1417 2261 Hispanias

269 2288 510 2366 proficisceretur
533 2307 549 2348 a
571 2305 619 2348 me
644 2297 765 2366 rogatus
783 2297 842 2370 est,
870 2298 903 2350 ut
921 2289 1085 2368 fragmenta
1103 2288 1232 2349 Iulianea
1251 2307 1327 2368 quae
1347 2297 1417 2349 sunt

271 2396 302 2454 in
313 2393 413 2473 Cyrilli
427 2393 556 2454 editione
566 2394 713 2474 Migniana
727 2413 796 2456 oum
810 2395 962 2458 codicibus
978 2394 1214 2456 Scorialensibus
1228 2375 1419 2478 conferres).

182 2511 185 2517 “
272 2501 368 2578 Atque
390 2499 531 2579 precibus
549 2502 624 2561 meis
646 2501 785 2581 praebuit
803 2520 914 2584 aurem,
937 2520 1035 2583 neque
1054 2511 1153 2564 tamen
1176 2511 1294 2584 tempus
1314 2507 1417 2565 itineri

271 2605 461 2685 Hispaniensi
483 2625 658 2668 eoncessum
681 2615 715 2669 ut
737 2611 836 2669 omnia
861 2611 1026 2688 fragmenta
1049 2610 1200 2670 conferret
1223 2613 1251 2670 ei
1273 2613 1416 2690 permisit.

272 2713 376 2791 Neque
399 2715 490 2792 igitur
514 2716 610 2774 varias
633 2716 797 2795 scripturas
826 2715 977 2777 adnotavit
998 2718 1056 2776 nisi
1084 2715 1153 2776 libri
1176 2716 1300 2778 alterius
1322 2736 1416 2797 nsque

272 2819 307 2879 ad
331 2839 359 2898 p.
379 2814 455 2880 581)
479 2819 553 2881 dub.
588 2820 695 2882 Postea
718 2828 818 2882 autem
840 2823 876 2882 ad
899 2821 1029 2882 Felicem
1051 2819 1199 2882 Ro'anski
1222 2823 1416 2886 bibliothecae
1456 2891 1459 2896 ,

273 2924 467 2988 Scerialensis
485 2928 670 3006 praelectum
688 2928 912 3008 litterasdedit,
931 2937 965 2990 ut
979 2928 1015 2989 de
1031 2931 1120 2990 unius
1138 2929 1196 2990 loci
1215 2949 1251 2990 ex
1265 2935 1417 3010 prooemio

272 3035 439 3114 deprompti
458 3037 606 3114 scriptura
621 3037 781 3096 certiorem
795 3053 842 3097 me
861 3037 973 3097 faceret
993 3045 1030 3117 et,
1050 3037 1211 3116 siquidem
1230 3038 1295 3098 lieri
1308 3048 1418 3121 posset,

264 3122 386 3220 vreliqua
405 3141 568 3220 fragmenta
587 3145 618 3204 in
641 3161 729 3204 usum
749 3161 849 3204 meum
868 3143 999 3203 conferri
1017 3150 1144 3204 curaret.
1176 3143 1273 3222 Atque
1293 3145 1418 3207 alterum

272 3247 345 3308 mibi
369 3249 501 3330 contigit,
524 3248 650 3310 alterum
669 3269 729 3310 non
752 3253 834 3332 item,
857 3258 890 3311 ut
909 3250 1143 3329 fragnrentorum
1166 3253 1330 3330 scripturas
1350 3252 1418 3312 See·

272 3356 416 3418 rialenses
439 3374 499 3417 nen
523 3373 698 3435 cognossem
722 3358 781 3418 nisi
803 3375 820 3417 a
842 3355 961 3417 boewio
985 3359 1110 3435 margini
1134 3357 1306 3438 adscriptas.

311 3501 313 3506 -
360 3462 422 3525 lam
444 3481 515 3524 rero
537 3463 740 3542 quaerendum
764 3463 859 3552 nobis,
883 3465 934 3542 qui
953 3463 1070 3524 codices
1093 3463 1131 3525 de
1154 3463 1263 3544 quibus
1286 3467 1346 3526 sint
1369 3466 1416 3526 de-

273 3573 385 3651 scripti.
789 3554 790 3558 ¹

362 3678 404 3738 Ac
412 3675 557 3738 Veretum
565 3677 684 3754 quidem
698 3674 762 3737 124
772 3675 913 3740 saeellV.
922 3677 1184 3758 apograpbcnesse
1196 3679 1307 3740 oodims
1314 3677 1416 3741 Veneti

277 3782 339 3846 123
363 3801 439 3844 saec.
458 3781 534 3843 Xlll.
554 3775 620 3865 (Μ)
642 3797 697 3861 pro
717 3792 798 3844 certo
818 3783 967 3845 adfirmari
986 3785 1065 3846 licet.
1103 3785 1156 3846 list
1174 3788 1253 3846 enim
1272 3787 1365 3848 codex
1384 3785 1415 3848 Μ

274 3893 359 3952 initio
374 3889 520 3970 mutilus,
543 3907 612 3949 cum
634 3889 751 3950 litterae
775 3890 853 3951 baud
876 3909 987 3972 paucae
1016 3900 1067 3952 aut
1089 3891 1270 3953 madefactae
1293 3907 1416 3954 evanne-

273 3999 335 4059 rint
358 4005 410 4058 aut
434 3999 466 4057 in
489 4003 621 4058 extrema
644 3999 776 4078 margine
803 4001 919 4078 positae
940 3998 1041 4060 charta
1069 3996 1198 4060 abscissa
1226 3999 1415 4080 deperierint.

347 4245 373 4313 1)
393 4242 543 4297 lemanno
564 4248 632 4299 187⁷
649 4241 784 4298 Ludouus
803 4240 902 4312 Krehl,
921 4242 1111 4298 bibliothecae
1128 4241 1275 4298 Paullinee
1293 4242 1414 4313 Lipsien-

274 4333 313 4388 sis
330 4331 497 4402 preaesens,
515 4331 645 4402 precibus
664 4332 734 4387 meis
753 4332 1018 4387 benevolentissime
1036 4333 1149 4403 cedens,
1172 4334 1206 4386 ut
1224 4333 1334 4388 codices
1353 4331 1415 4386 Sco·

273 4423 408 4478 n'slenses
423 4421 546 4491 Lipsiern
560 4422 738 4478 mitterentur
752 4422 944 4487 contenderem
960 4439 1048 4489 neque
1059 4425 1152 4476 tamen
1171 4423 1245 4477 mitti
1260 4423 1415 4492 potnerunt
