3194 4904
541 367 549 384 .
570 324 611 380 De
630 324 730 379 Iuliani
748 325 883 381 librorum
900 326 976 382 latis.
1306 329 1350 392 65

202 489 390 553 suetudinem
414 509 498 552 suam
522 500 586 552 orta
609 500 669 573 est,
693 512 752 572 quo
776 502 909 574 tempore
933 493 1155 556 Deris-Verbum
1179 498 1350 557 incarnatus

202 606 261 680 est,
288 607 318 658 et
346 607 379 659 ut
403 599 580 679 evangelista
607 597 753 679 praeivit?
795 601 889 671 Quam
918 619 1004 681 saepe
1033 601 1071 660 ob
1099 619 1148 662 res
1176 621 1295 682 magnas
1319 606 1348 664 in

202 705 273 765 orbe
302 716 451 768 terrarum
479 671 648 768 accidehtes
680 706 781 768 stellae
812 716 1027 789 apparuerunt,
1055 725 1130 786 quae
1160 718 1190 769 et
1217 719 1348 770 cometae

201 814 219 872 i.
243 833 267 873 e.
296 814 420 880 crinitae
448 812 602 893 dicuutur3
635 812 707 873 aliae
740 822 839 874 autem
872 816 961 874 etiam
994 812 1117 876 δοκίδε(
1150 819 1348 879 nominantur.

202 918 291 981 Stella
315 928 413 980 autem
436 919 484 980 illa
508 939 567 980 non
591 939 626 980 ex
651 938 776 980 numero
799 920 904 981 harum
924 920 1141 982 ordinariarum
1164 932 1229 986 erat
1251 943 1347 1003 neque

201 1023 380 1105 ἑωεφόροε,
404 1035 438 1088 ut
460 1030 516 1087 iste
541 1046 605 1088 eam
628 1027 708 1087 dicit.
740 1027 799 1088 Per
822 1027 896 1088 duos
915 1031 995 1088 enim
1019 1047 1111 1089 annos
1135 1029 1294 1110 apparebat
1317 1034 1347 1091 in

200 1133 294 1216 caelo,
321 1134 455 1196 iudicans
484 1137 664 1196 nativitatem
688 1133 799 1196 Christi
826 1137 1016 1214 incorpore.
1058 1135 1133 1207 Quia
1157 1146 1255 1198 aritem
1279 1157 1348 1198 cou-

198 1241 325 1302 suetudo
345 1251 375 1302 et
393 1260 466 1301 cura
485 1250 549 1302 erat
567 1239 729 1321 Chaldaeis,
753 1249 820 1302 ante
841 1260 944 1301 omnes
963 1249 1062 1302 autem
1081 1242 1182 1324 Magis,
1201 1247 1348 1305 motiones

199 1348 351 1410 stellarum
375 1358 511 1409 accurate
536 1347 694 1410 ohservare
718 1357 748 1408 et
774 1357 808 1409 ut
829 1357 969 1428 portento
992 1349 1046 1410 hac
1070 1369 1103 1410 re
1128 1353 1186 1431 uti,
1214 1349 1348 1411 nonnulli

198 1454 312 1516 stellam
344 1456 483 1516 viderunt
514 1458 544 1516 in
573 1455 710 1537 Oriente,
738 1459 824 1517 cuius
838 1475 958 1518 cursus
982 1456 1163 1537 praeteribat
1191 1466 1222 1518 et
1248 1467 1348 1519 motus

198 1562 425 1642 transmigrabat
449 1563 485 1623 ah
504 1562 626 1624 Oriente
651 1582 745 1642 usque
770 1564 806 1625 ad
825 1564 976 1645 iudaeam,
999 1573 1029 1625 et
1048 1567 1159 1644 opinati
1179 1573 1249 1626 sunt
1267 1568 1348 1626 iuxta

198 1669 445 1731 consuetudinem
473 1688 570 1751 suam,
599 1687 704 1729 eorum
731 1669 859 1748 aliquem
887 1673 939 1748 qui
967 1688 1053 1748 reges
1076 1671 1217 1733 dicuntur
1246 1681 1348 1733 uatum

197 1796 272 1838 esse.
309 1777 384 1838 Cum
407 1795 477 1838 vero
500 1795 560 1837 nou
580 1776 738 1837 crederent
757 1778 930 1856 mysterium
950 1776 1061 1837 Christi
1082 1777 1175 1837 latere
1199 1787 1229 1839 et
1248 1781 1347 1858 opina-

197 1893 303 1945 rentur
322 1884 472 1945 homiuem
487 1883 634 1962 quendam
653 1886 683 1943 in
698 1901 791 1962 regno
806 1883 930 1943 Iudaeae
944 1892 1046 1944 uatum
1061 1901 1137 1966 esse,
1156 1894 1303 1945 venerunt
1317 1893 1347 1945 et

196 1994 468 2072 interrogaverunt:
492 1990 544 2052 uhi
569 2000 615 2051 est
639 1993 690 2070 qni
714 1999 800 2052 natus
824 2000 870 2051 cst
893 2009 945 2051 rex
964 1987 1164 2052 ludaeorum?
1195 1973 1346 2052 Turbatus
1394 2033 1397 2040 -

197 2108 297 2160 autem
325 2107 371 2161 est
399 2098 533 2159 Herodes
561 2107 591 2158 et
619 2096 825 2158 sciscitabatur
853 2116 889 2157 ex
917 2096 988 2176 illis,
1016 2098 1133 2176 quando
1162 2097 1246 2158 stella
1273 2099 1345 2176 ipsis

197 2208 392 2285 apparuisset.
431 2205 469 2266 Et
491 2213 650 2284 postquam
673 2207 810 2283 cognovit
828 2204 950 2265 'duobus
974 2208 1059 2265 annis
1082 2213 1149 2265 ante
1174 2205 1345 2283 apparuisse

197 2311 321 2394 stellam,
340 2315 461 2374 mittens
481 2311 589 2372 occidit
608 2330 711 2372 omues
729 2330 840 2390 pueros
860 2313 911 2390 qui
930 2321 1014 2372 erant
1033 2315 1063 2372 in
1077 2310 1250 2372 Bethlehem
1270 2311 1346 2370 duos

196 2438 290 2480 anuos
313 2423 374 2480 nati
393 2430 423 2481 ct
443 2421 581 2481 minores.
618 2418 802 2498 Opinabatur
821 2422 901 2479 enim
925 2439 957 2480 se
976 2438 1082 2499 capere
1106 2417 1189 2479 illum
1208 2437 1276 2478 cum
1300 2416 1345 2478 his

196 2545 271 2606 quos
290 2535 349 2589 tam
369 2524 530 2588 crudeliter
549 2526 666 2606 occidit,
689 2544 756 2585 cum
780 2544 887 2586 rursus
905 2525 982 2604 Magi
1004 2528 1035 2585 in
1054 2528 1159 2605 pannis
1178 2527 1346 2586 invenirent

195 2653 332 2714 puerum,
356 2637 407 2714 qui
430 2633 487 2693 hoc
510 2636 574 2713 ipso
598 2642 732 2713 tempore
756 2642 843 2695 uatus
866 2635 964 2694 luerat
983 2641 1013 2693 et
1034 2632 1166 2693 nondum
1191 2642 1258 2694 octo
1282 2633 1345 2693 dies

196 2744 310 2802 vixerat
340 2741 531 2819 nondumque
565 2740 767 2820 Hierosolyma
800 2741 988 2822 ascenderat,
1016 2748 1051 2802 ut
1082 2740 1187 2801 darent
1219 2740 1345 2801 hostiam

196 2849 360 2910 secuudum
389 2848 468 2928 quod
502 2849 614 2909 dictum
642 2861 688 2909 est
719 2850 750 2908 in
782 2847 855 2926 lege.
897 2848 968 2908 Inde
997 2846 1261 2927 comprehenditur
1288 2845 1345 2906 hoc

195 2955 371 3016 miraculum
391 2964 421 3015 ct
435 2955 557 3035 dignum
572 2965 617 3016 est
636 2955 715 3035 quod
735 2955 884 3035 credatur,
903 2973 1080 3034 quamquam
1094 2956 1152 3014 iam
1167 2971 1226 3012 uon
1245 2962 1345 3013 manet

194 3062 268 3123 haec
296 3062 380 3125 stella
409 3080 504 3141 usque
533 3053 569 3121 ad
596 3062 626 3121 id
654 3061 788 3122 locorum
818 3080 915 3140 neque
943 3081 1002 3122 una
1030 3068 1093 3120 erat
1116 3064 1155 3120 ex'
1180 3062 1259 3120 notis
1286 3058 1344 3120 illis

195 3189 292 3248 neque
307 3169 407 3230 Venus
426 3187 522 3248 neque
539 3168 672 3228 Pleiades
693 3186 789 3246 neque
804 3169 959 3229 Arcturus.
992 3167 1094 3245 Neque
1114 3184 1184 3226 vero
1204 3168 1229 3225 si
1248 3164 1345 3226 stabat

195 3294 286 3356 supra
309 3275 481 3338 Rethlelrem
510 3286 540 3336 et
568 3277 688 3336 domum
719 3284 749 3335 et
772 3274 884 3356 locum,
912 3274 963 3335 ubi
989 3293 1065 3354 puer
1093 3262 1170 3353 eral,
1198 3271 1344 3332 dubitabit

195 3385 353 3462 quisquam
376 3383 430 3444 hac
454 3383 491 3443 de
514 3402 557 3464 re,
580 3382 632 3442 sed
654 3380 848 3443 admirabitur
871 3384 930 3441 vim
953 3383 1106 3460 signorum
1125 3378 1187 3459 Dei,
1211 3397 1286 3456 quae
1310 3397 1342 3466 re

194 3506 264 3548 vera
287 3489 363 3550 lacta
387 3496 457 3549 sunt
480 3489 516 3548 ad
535 3491 760 3550 conversionem
779 3489 951 3550 errautinm.
988 3486 1139 3546 Primitiae
1161 3487 1241 3545 enim
1259 3503 1343 3546 voca·

194 3597 283 3656 tionis
302 3597 437 3674 gentium
459 3604 544 3656 eraut
562 3595 638 3674 Magi
657 3604 687 3656 et
706 3595 818 3655 clarum
841 3595 1059 3673 testimoninm,
1078 3610 1253 3653 concussam
1276 3610 1342 3652 esse

194 3705 253 3762 vim
277 3702 401 3763 Satanae
425 3712 455 3764 ct
478 3722 559 3764 arma
582 3705 647 3763 cius
671 3701 815 3782 adempta,

752 3913 783 3976 4.

285 4040 400 4120 Corpus
419 4040 529 4101 Christi
552 4040 729 4101 incrementi
752 4039 923 4116 indiguisse.
962 4036 991 4098 S.
1011 4035 1111 4115 Cprilli
1134 4053 1170 4095 ex
1194 4034 1270 4095 libro
1293 4033 1341 4094 lll.

194 4148 336 4210 adversus
358 4146 518 4230 lulianum,
540 4166 576 4207 cx
599 4148 772 4226 quaestione
796 4137 918 4225 sexta.¹)

127 4348 129 4352 ¹
235 4370 238 4376 ·
267 4358 293 4424 1)
311 4355 356 4410 Ita
373 4355 461 4409 libros
481 4370 544 4408 suos
564 4351 684 4420 Cyrillus
703 4351 832 4420 instituit,
851 4353 884 4405 ub
902 4351 1027 4420 amplum
1045 4349 1184 4407 lulianum
1202 4348 1340 4416 fragmen-

194 4445 253 4498 tum
273 4461 291 4498 a
309 4460 338 4497 se
357 4443 527 4512 exscriptum
546 4442 624 4510 sequi
648 4441 735 4496 vellet
752 4440 960 4497 refutationem.
998 4439 1084 4494 Sexta
1105 4438 1194 4506 igitur
1212 4435 1339 4504 quaestio

250 4543 356 4583 Iulianus
370 4543 403 4584 ed.
417 4543 439 4583 N
440 4554 544 4582 aaaaaa
1111 4532 1126 4579 5
1246 4534 1249 4539 ’
