3192 4906
509 293 550 348 De
571 293 672 348 Iuliani
691 294 783 350 verbio
802 295 1012 352 constituendis.
1271 295 1334 360 153

187 459 319 519 verbum.
339 479 479 539 expressa
508 461 656 540 leguntur.
702 461 760 532 Qui
790 481 858 522 cum
882 481 941 523 non
966 483 1126 543 numquam
1151 463 1335 543 corruptelas

186 566 324 627 medendi
356 586 456 628 ansam
487 567 661 648 praebeant,
692 569 868 648 plerumque
897 572 1063 650 scripturas
1097 573 1127 632 in
1161 579 1332 632 contextum

185 681 321 755 receptas
345 676 529 756 confirment,
552 674 683 735 laborem
702 675 781 736 haud
804 678 943 755 exiguum
964 679 1084 739 trustra.
1099 697 1145 740 me
1165 681 1333 758 suscepisse

187 799 246 842 non
269 783 382 861 opinor.

275 994 408 1055 Vidimus
432 997 635 1072 quaestionem
654 1016 729 1076 quae
753 1005 799 1058 est
818 997 855 1058 de
874 996 979 1058 luliani
999 998 1096 1060 verbis
1116 1000 1333 1060 constituendis

186 1103 345 1180 praecipue
375 1103 405 1161 in
441 1111 522 1163 recte
556 1103 744 1165 aestimandis
781 1103 880 1183 Cyrilli
914 1105 1066 1167 codicibus
1098 1109 1224 1186 positam
1259 1127 1334 1170 esse.

186 1208 290 1286 Neque
315 1218 412 1269 tamen
436 1210 526 1270 altera
549 1210 708 1272 difficultas
732 1211 914 1291 neglegenda
938 1221 992 1272 est.
1038 1213 1141 1293 Neque
1165 1218 1244 1276 euim
1268 1217 1334 1276 lieri

186 1318 306 1397 poterit,
329 1318 400 1394 quin
416 1317 594 1396 corruptelis
608 1318 785 1397 quibusdam
801 1338 860 1380 non
875 1319 1055 1402 medeamur,
1070 1324 1142 1400 quin
1157 1321 1331 1383 coniciendo

188 1425 276 1484 etiam
295 1422 400 1484 menda
419 1425 595 1506 inseramus,
614 1424 928 1487 nisi'intellexerimus
947 1436 1048 1488 utrum
1067 1428 1180 1489 hiatum
1202 1428 1335 1489 lulianus

186 1532 302 1612 evitarit
326 1549 428 1590 necne.
475 1528 569 1600 Quem
595 1549 631 1590 ne
655 1549 715 1592 uno
739 1530 859 1610 quidem
882 1531 947 1592 loco
971 1533 1083 1593 hiatum
1107 1533 1261 1594 admisisse
1285 1536 1332 1594 vix

186 1639 342 1716 quisquam
374 1637 430 1698 sibi
462 1637 666 1720 persuadebit3
702 1638 753 1699 sed
782 1638 906 1700 aliarum
934 1640 1060 1700 tortasse
1089 1639 1233 1700 vocalium
1264 1659 1333 1701 con-

188 1761 309 1804 cursum
334 1746 459 1804 evitasse
483 1745 658 1806 statuendus
679 1753 732 1820 est,
756 1745 879 1806 aliarum
904 1765 963 1806 non
987 1748 1067 1808 item.
1113 1746 1145 1806 ld
1169 1747 1249 1826 quod
1273 1749 1332 1827 pri-

186 1869 253 1912 mus
283 1851 488 1913 animadvertit
520 1851 643 1912 Carolus
674 1851 805 1912 Sintenis
836 1861 866 1912 et
896 1854 1033 1932 exposuit
1060 1852 1336 1934 dissertationem,

187 1976 261 2038 quae
289 1957 416 2018 Hermae
444 1959 499 2019 vol.
528 1958 541 2018 l
572 1952 689 2040 (1866)
717 1967 752 2038 p.
770 1956 811 2020 69
831 1977 895 2038 sqq.
924 1961 1037 2020 inserta
1065 1959 1239 2020 inscribitur
1269 1956 1334 2021 ‘Be-

187 2065 371 2144 merkungen
395 2085 432 2125 zu
454 2065 512 2125 den
536 2064 656 2126 Brielen
679 2060 809 2127 lulians'.
856 2067 897 2126 Ac
920 2085 948 2145 p.
971 2063 1015 2127 69
1040 2062 1100 2127 ‘ich
1122 2067 1229 2146 glaube
1252 2073 1333 2128 nam-

187 2166 258 2232 lich'
281 2173 378 2250 inquit
402 2166 549 2232 ‘hemerlst
567 2190 603 2232 zu
622 2170 728 2253 haben,
753 2172 817 2232 dass
840 2172 937 2233 Julian
956 2192 992 2233 zu
1013 2173 1189 2253 daojenigen
1209 2172 1334 2234 Schrift-

188 2278 309 2340 stellern
333 2277 452 2360 gehon,
480 2278 591 2339 welche
621 2279 675 2338 aul
695 2278 894 2358 Vermeidung
922 2279 975 2340 des
1003 2278 1107 2342 Hiatus
1136 2279 1263 2340 bedacht
1286 2299 1335 2360 ge·

188 2403 287 2446 wesen
315 2383 394 2458 sind,
424 2387 455 2445 in
486 2387 629 2464 einigen
661 2385 810 2446 Schriften
839 2386 890 2446 ihn
919 2385 1067 2447 vielleioht
1095 2405 1148 2466 gar
1175 2387 1258 2448 nicht
1285 2407 1334 2448 zu·

188 2492 322 2572 gelassen
345 2492 408 2571 hat,
430 2493 462 2552 in
485 2492 539 2552 der
553 2491 702 2552 Mehrzahl
725 2492 882 2554 derselben
897 2493 953 2554 viel
977 2511 1145 2573 sparsamer
1159 2494 1201 2554 als
1225 2494 1335 2555 andere

189 2593 425 2660 Schriltsteller’.
472 2598 510 2658 Et
531 2600 622 2660 infra:
653 2595 726 2659 ‘For
750 2599 873 2660 diesmal
895 2599 1081 2660 beschranhe
1109 2601 1158 2660 ich
1186 2601 1264 2661 mich
1288 2602 1339 2662 arrf

188 2707 234 2767 die
258 2706 357 2766 Briele
385 2704 438 2764 des
461 2705 558 2765 Julian
588 2706 647 2766 und
672 2705 829 2785 hemerhe,
858 2723 908 2766 um
936 2706 1246 2768 Hilsverstindnissen
1270 2726 1335 2767 vor·

189 2813 352 2892 zubeugen‚
374 2830 432 2872 mu
447 2812 510 2873 dies
534 2811 619 2894 noch,
643 2812 706 2872 dass
730 2832 787 2873 von
801 2812 1000 2892 Verrneidung
1018 2813 1071 2874 des
1090 2813 1194 2875 Hiatus
1218 2817 1248 2875 in
1268 2814 1335 2875 dem

189 2920 344 2999 Umfange‚
376 2919 431 2977 wie
462 2916 510 2977 hei
542 2917 703 2996 lsokrates,
733 2918 798 2978 hier
831 2919 913 2979 nicht
941 2919 987 2979 die
1012 2918 1092 2979 Rede
1117 2923 1172 3000 sei,
1205 2920 1335 2980 sondern

189 3035 263 3087 etwa
287 3028 317 3086 iu
341 3024 394 3084 der
412 3023 624 3104 Ausdehnung‚
648 3024 694 3084 die
713 3024 762 3085 ich
786 3025 835 3084 hir
853 3025 994 3086 Plutarch
1017 3028 1048 3086 in
1071 3025 1125 3086 der
1139 3025 1336 3106 Abhandlung

164 3127 225 3194 'de
248 3133 330 3194 hiatu
354 3140 409 3192 etc.
434 3131 635 3193 lestzustellen
659 3141 887 3192 unternommen
911 3131 993 3192 habe.
1039 3132 1080 3192 Es
1108 3132 1224 3194 bleihen
1254 3131 1334 3194 dem·

190 3240 265 3300 nach
284 3239 339 3300 alle
363 3237 662 3318 apostrophierharen
686 3237 804 3321 Vokale,
826 3237 986 3318 Partihelu,
1009 3239 1336 3322 Praepositionen,·das

189 3347 357 3410 Pronomen
381 3343 440 3421 sic,
465 3342 505 3407 ἂν
529 3347 582 3407 mit
605 3344 840 3423 Optativlcrmen
864 3364 917 3405 aus
940 3344 1008 3405 dem
1028 3344 1139 3426 Spiele;
1162 3345 1204 3405 als
1228 3345 1334 3406 lehler-

190 3454 252 3515 haft
275 3453 347 3514 oder
370 3452 540 3530 verdachtig
570 3452 700 3532 dagegeu
732 3457 853 3513 mussan
883 3451 929 3512 bis
960 3453 1013 3511 aul
1033 3453 1170 3512 weiteres
1199 3453 1246 3512 die
1270 3452 1334 3514 sich

191 3564 243 3623 mit
266 3560 379 3621 andern
399 3560 527 3620 Volialen
551 3558 760 3620 berhhr'euden
784 3558 890 3639 langen
909 3558 1017 3620 Vohale
1037 3559 1110 3620 oder
1129 3559 1336 3640 lliphthongen

190 3671 221 3729 in
244 3671 317 3728 zuei
335 3667 430 3728 durch
444 3667 491 3727 die
506 3665 733 3745 luterpunktion
748 3666 831 3727 nicht
844 3666 1062 3745 geschiedenen
1077 3664 1200 3726 Worten
1216 3663 1335 3746 gehen?

191 3774 270 3835 Haec
295 3773 434 3835 Sintenis.
462 3774 504 3834 Ac
529 3773 633 3834 similia
658 3781 728 3834 sunt
746 3773 892 3834 Hertlenii
911 3775 967 3833 viri
980 3773 1144 3833 doctissimi
1167 3773 1203 3833 de
1223 3773 1335 3834 luliauo

190 3890 309 3958 praeter
319 3889 435 3940 ceteros
446 3882 544 3942 meriti
555 3880 650 3954 verba,
666 3879 851 3958 quaeHerm.
863 3879 927 3939 Vlll
938 3873 1054 3962 (1874)
1064 3899 1091 3958 p.
1107 3877 1165 3940 111
1183 3879 1336 3958 leguntur:

192 3983 243 4047 ‘So
268 3987 324 4047 viel
346 3989 386 4046 ist
410 3987 520 4067 sicher,
549 3987 612 4046 dass
635 3986 732 4047 Julian
756 3986 814 4045 den
843 3985 948 4046 Hiatus
976 4005 1012 4045 zu
1041 3986 1210 4046 vermeiden
1235 3985 1334 4068 suobt3

192 4092 262 4153 aher
286 4093 377 4154 selbst
400 4095 430 4154 in
454 4093 511 4154 den
540 4093 693 4172 sorglaltig
716 4091 950 4171 geschriebenen
974 4091 1092 4173 Reden‚
1120 4112 1144 4153 1.
1167 4092 1199 4152 Β.
1228 4093 1258 4151 in
1282 4092 1336 4151 der

192 4208 292 4260 ersten
316 4198 378 4260 und·
400 4203 532 4282 zweiten,
555 4200 655 4260 finden
678 4199 742 4260 sich
766 4198 897 4258 einzelne
921 4199 1039 4280 Hiatus,
1062 4200 1110 4259 die
1134 4217 1191 4259 nur
1215 4200 1268 4259 aul
1287 4218 1336 4278 ge·

191 4306 340 4366 waltsame
359 4305 458 4367 Weise
482 4327 516 4368 zu
542 4308 698 4368 entlernen
723 4309 785 4366 sein
811 4305 943 4387 worden,
967 4305 1106 4366 u‘ahrend
1130 4305 1280 4365 dieselben
1304 4308 1335 4365 in

191 4413 303 4472 andern
333 4413 483 4492 Schriften
518 4414 594 4474 noob
628 4411 811 4472 zahlreicher
841 4407 928 4473 siud'
986 4412 1067 4482 erae
1099 4430 1167 4471 cum
1196 4412 1235 4470 ita
1266 4413 1336 4492 sint,
