3192 4906
520 301 561 358 De
580 300 682 358 Iuliani
699 301 792 357 uerbis
811 300 1021 358 constituendis.
1284 299 1344 364 147

200 465 269 550 aiij-'.
306 468 371 531 Huc
395 469 509 531 accedit
532 468 610 548 quod
640 469 769 531 dubitari
793 473 911 531 minime
935 478 1046 550 potest,
1070 471 1253 548 quinetiam
1277 469 1345 530 solia

199 579 329 656 integra,
353 577 461 655 cuibus
485 593 589 636 manus
604 576 703 636 altera
729 579 838 657 prioris
861 576 981 638 lacunas
1009 577 1149 658 explevit,
1176 596 1212 636 ex
1241 577 1344 637 eodem

201 683 282 743 sonte
314 682 414 744 hausti
444 685 516 764 sint3
549 691 638 760 atque
670 698 773 742 corum
805 682 893 743 verba
921 701 937 742 a
970 685 1127 762 scripturis
1155 681 1345 742 Aubcrtinnis

200 791 371 868 saepissime
395 789 545 849 differunt
583 789 664 859 Quae
684 805 752 850 cum
775 792 816 849 ita
835 792 903 869 sint,
926 799 1049 869 apparet
1068 808 1103 849 cx
1124 789 1225 850 codice
1244 789 1343 867 aliquo

200 895 322 955 aiteram
342 895 452 956 codicis
467 895 652 956 Monacensis
673 909 791 956 manum
810 915 863 957 soa
878 897 1105 976 deprompsisse.
1139 895 1233 967 Quem
1253 895 1345 955 fuisse

200 1002 401 1081 Capnioncum
420 1019 501 1062 nunc
515 1001 703 1081 deperditum
721 1021 775 1081 pro
790 1011 873 1063 certo
890 1002 1039 1063 adfirmari
1057 1003 1135 1064 iicet.
1168 1003 1263 1074 Quam
1283 1021 1345 1062 rem

198 1111 243 1169 ita
263 1127 295 1168 se
314 1108 423 1168 babere
443 1111 585 1169 continuo
604 1109 658 1170 tibi
676 1109 879 1189 persuadebis
902 1112 931 1169 si·
949 1111 1070 1171 atterius
1090 1127 1194 1171 manns
1218 1111 1345 1189 scriptu-

199 1233 248 1274 ras
272 1233 397 1294 quarem
421 1233 564 1276 numerus
593 1223 639 1275 est
666 1233 844 1295 permagnus
872 1235 939 1277 cum
964 1216 1182 1296 Oecoiampadii
1211 1218 1345 1276 versione

199 1320 369 1381 contuleris.
409 1321 450 1382 ita
470 1319 530 1400 pl
558 1319 580 1381 Β
600 1317 623 1381 b
644 1318 706 1397 γάρ
725 1340 795 1382 πω(
815 1322 902 1382 habet
922 1320 994 1403 32,
1019 1319 1122 1383 ‘ferme
1143 1318 1233 1383 enim'
1253 1321 1344 1381 Orco

199 1427 372 1509 lampadius,
395 1447 423 1506 p.
442 1425 462 1488 3
485 1427 509 1486 E
529 1425 551 1487 4
573 1429 632 1488 τοῦ
655 1423 789 1489 πάντων
804 1427 894 1505 ἡμῶν
918 1432 1059 1505 ιωτῆρο(
1082 1427 1215 1504 Χριετοῦ
1233 1429 1346 1490 Auber-

200 1544 249 1594 tus
270 1532 293 1594 Β
312 1535 326 1593 l
345 1533 380 1595 Μ
397 1533 547 1612 exhibent,
567 1532 625 1594 Β2
645 1541 712 1594 ante
732 1537 873 1610 (ωτῆροε
893 1536 1001 1596 ediscit
1014 1531 1180 1612 becndroc,
1200 1529 1346 1618 ‘(contra)

202 1643 300 1700 nostri·
316 1643 449 1701 omnium
467 1640 646 1701 dominum
671 1640 847 1700 saluatorem
868 1639 1031 1704 Christum'
1051 1644 1140 1703 vertit
1158 1640 1345 1718 Oecolampa-

200 1747 276 1807 dine.
303 1747 481 1807 Gravissima
496 1756 595 1807 autem
609 1754 783 1824 argumenta
802 1746 875 1807 baec
895 1756 973 1808 stent.
1002 1743 1145 1826 Paginad
1165 1747 1188 1806 E
1204 1743 1225 1806 5
1245 1762 1346 1805 rocem

200 1851 272 1929 τρία
294 1861 363 1914 ante
387 1853 590 1929 ιυγγέγραφε
613 1857 778 1914 omiserunt
798 1853 834 1915 Μ·
854 1863 884 1915 et
908 1855 1026 1915 codices
1049 1872 1153 1914 omnes
1177 1852 1228 1932 qu'i
1252 1869 1287 1912 ex
1311 1870 1347 1912 eo

201 1963 387 2040 prooemium
415 1963 632 2042 repetiverunt,
661 1979 734 2039 engo
761 1964 849 2021 etiam
879 1960 955 2022 Bl:
983 1962 1035 2021 scd
1065 1957 1128 2021 B?
1155 1963 1187 2020 in
1216 1961 1347 2036 margine

202 2068 310 2129 adiecit
327 2065 400 2144 epto
412 2087 509 2147 neque
525 2071 624 2129 minos
639 2067 884 2147 Oecoiampadius
902 2068 990 2129 habet
1005 2063 1099 2128 ‘tres’.
1131 2065 1235 2144 Ncqne
1250 2068 1349 2125 minus

200 2176 315 2253 insigne
339 2175 464 2235 aiterum
488 2183 535 2235 est
557 2174 734 2254 exemplum.
772 2175 802 2235 P.
825 2174 866 2236 10
888 2174 910 2236 C
930 2173 951 2236 2
973 2175 1082 2254 legitur
1105 2177 1136 2234 in
1159 2171 1348 2254 tebertinus,

201 2299 329 2359 quacum
348 2284 496 2342 censentit
511 2279 557 2342 M:
576 2278 669 2342 ἔτους
688 2279 745 2358 μὲν
765 2279 826 2357 γὰρ
841 2277 1070 2355 διαγεγονότοε
1088 2280 1348 2356 τετρακθειοιτοῦ

201 2385 347 2462 repares
371 2405 405 2448 τε
430 2381 480 2470 (τὲ
503 2382 550 2467 Μ)
574 2386 624 2448 καὶ
648 2385 821 2450 εἰκοετοῦ
844 2385 1186 2464 pertentaturum
1210 2381 1351 2463 Ἀβραὰμ

200 2490 335 2554 τίκτεται
368 2492 426 2569 μὲν
454 2491 490 2555 ἐν
518 2491 667 2575 Αἰγύπτῳ
696 2493 822 2570 Μωεῆε.
864 2493 973 2554 Omisit
1002 2494 1075 2554 baec
1108 2493 1131 2555 Β
1158 2492 1174 2554 l
1209 2511 1277 2554 cum
1311 2496 1347 2552 iis

202 2619 276 2678 quac
301 2601 483 2661 antecedunt
509 2609 539 2662 et
567 2610 742 2682 sequnntur,
771 2601 918 2680 supplevit
942 2598 1018 2683 323
1046 2601 1098 2661 sed
1126 2619 1195 2661 cum
1222 2600 1347 2680 litteras,

202 2726 277 2786 quae
297 2707 453 2768 exstabant
470 2715 538 2786 post
556 2706 702 2782 πέμπτου
720 2707 755 2768 τὲ
776 2711 830 2790 (ita
854 2711 942 2770 etiam
963 2707 987 2768 Β
1006 2703 1054 2790 2),
1078 2710 1108 2768 in
1128 2707 1229 2767 codice
1249 2707 1348 2785 legere

203 2833 263 2875 non
281 2817 437 2895 potuisset,
461 2812 484 2874 Β
502 2811 522 2873 2
542 2831 667 2875 vacuum
687 2833 752 2875 esse
771 2815 863 2876 voluit
882 2831 984 2875 earum
1004 2816 1130 2892 spetiem
1150 2831 1247 2892 neque
1267 2816 1348 2892 quic·

203 2941 291 3001 quam
317 2924 438 3001 scripsit
466 2923 523 2981 nisi
547 2922 630 2981 (τοῦ.
672 2921 808 2999 Expievit
835 2931 938 3001 postea
966 2923 1053 2982 tertia
1081 2937 1186 2980 manus
1213 2920 1347 2980 lacunam

197 3029 325 3089 'adiectis
344 3028 452 3089 litteris
472 3026 522 3089 καὶ
541 3025 616 3088 εἰκο.
658 3027 695 3088 Et
715 3036 796 3088 recte
816 3028 956 3108 explevit3
980 3045 1047 3086 nem
1067 3025 1199 3086 codicem
1220 3025 1252 3087 Μ
1272 3027 1348 3086 inira

203 3135 279 3194 ext}
303 3134 488 3214 descriptum
511 3151 577 3194 esse
602 3131 756 3193 ostendam
779 3141 867 3212 atque
887 3136 952 3193 eius
974 3131 1114 3192 librarius
1137 3135 1228 3192 etiam
1249 3132 1347 3210 legere

202 3244 313 3322 potuit,
339 3259 414 3320 qaae
439 3239 594 3300 exciebant
615 3241 648 3300 in
671 3240 772 3300 codice
797 3257 885 3318 qoem
908 3239 1103 3300 describebat.
1141 3235 1242 3310 Quid?
1264 3237 1348 3309 Quod

203 3348 308 3408 codem
331 3347 396 3407 ioco
418 3357 506 3426 atque
527 3344 592 3406 32
614 3345 858 3426 Oecoiampadius
882 3365 941 3407 non
963 3347 1118 3426 indagavit,
1141 3364 1216 3424 quae
1240 3348 1270 3406 in
1295 3363 1349 3404 suo

203 3455 304 3516 codice
320 3464 406 3516 antea
419 3451 616 3533 legebantur?
644 3453 738 3515 Vertit
753 3457 832 3514 enim
852 3449 970 3533 ‘quinto
987 3463 1017 3514 et
1036 3456 1198 3514 tricesim
1205 3448 1242 3512 o’.
1270 3451 1349 3530 Ergo

205 3562 309 3622 eodem
329 3561 430 3622 codice
451 3559 510 3622 32
530 3578 602 3621 usus
621 3569 676 3643 est,
700 3569 787 3639 atque
808 3559 1061 3641 Oeooiampadius,
1084 3561 1102 3621 i.
1122 3579 1146 3620 e.
1171 3559 1349 3638 (iapnioneor

207 3670 265 3730 Sed
288 3669 359 3748 quid
384 3687 489 3728 causae
514 3678 572 3748 est,
597 3687 651 3728 cur
675 3669 826 3729 nonnuliis
849 3671 1007 3749 scripturis
1031 3667 1054 3729 Β
1073 3666 1094 3728 2
1118 3666 1224 3727 adiecit
1247 3681 1349 3725 vocem

205 3772 299 3856 ‘aiij'i
336 3774 416 3845 Quae
440 3778 465 3836 si
490 3774 594 3834 eodem
617 3775 705 3835 modo
731 3778 762 3835 in
781 3776 950 3856 Capnionec
974 3773 1148 3853 legebantur
1171 3781 1259 3851 atque
1284 3771 1348 3832 rcii·

205 3902 294 3966 quac,
322 3882 468 3943 adiciendi
497 3899 585 3941 causa
614 3899 673 3941 non
698 3881 839 3942 exstabat.
876 3881 955 3960 Ergo
987 3899 1036 3940 eas
1065 3897 1172 3939 censeo
1201 3879 1292 3938 fuisse
1319 3880 1351 3938 iri

175 3969 177 3972 ¹
206 3991 338 4068 margine
362 3988 481 4049 codicis.
520 3987 603 4047 Unde
628 3990 715 4047 etiam
738 3987 936 4066 intciiegitur,
954 3986 1101 4064 quomodo
1125 3987 1189 4045 beri
1211 3986 1351 4064 potuerit,

206 4105 237 4157 nt
261 4095 479 4175 Oecolampadii
508 4097 604 4154 versio
633 4112 692 4153 nnn
720 4112 788 4154 cnm
812 4092 951 4154 omnibus
974 4095 1132 4171 scripturis
1160 4093 1352 4170 consentiret,

206 4203 314 4281 quibus
338 4202 361 4264 Β
381 4201 401 4263 2
421 4203 528 4262 adiecit
546 4220 647 4262 vocem
668 4195 748 4279 ‘attjt
785 4199 826 4274 lta
848 4218 875 4278 p.
894 4195 935 4258 15
955 4196 1013 4258 D?
1036 4197 1139 4259 πλέον
1156 4197 1223 4258 τῶν
1242 4191 1351 4256 ἄλλων

206 4308 325 4372 exbibet
345 4309 368 4370 B
386 4309 413 4390 l,
437 4304 601 4369 ‘dederetur
621 4303 681 4386 alij'
701 4304 769 4386 32,
793 4301 874 4384 ‘prae
895 4300 971 4365 aliis'
993 4307 1080 4364 vertit
1099 4303 1350 4382 oecolampadius

207 4417 285 4496 Ergo
315 4416 426 4477 codicis
449 4417 611 4495 Capnionei
638 4431 742 4474 manus
769 4412 783 4472 1
814 4411 991 4493 praebuerat
1015 4407 1136 4485 ἄλλων,
1165 4413 1194 4469 in
1219 4412 1351 4486 margine

1086 4511 1139 4563 10*
