3192 4906
241 285 305 364 104
732 294 823 365 Caput
842 295 876 349 Il.

240 484 316 546 opus
350 482 437 526 strum
466 463 612 525 lulianum
642 464 807 542 lragmento
831 458 905 524 39t
924 481 967 541 sq.
1000 463 1064 541 ipse
1092 460 1219 540 Cyrillus
1253 462 1392 524 indicavit

242 572 340 634 verbis
360 571 406 634 his
420 591 449 652 p.
463 567 505 632 39
516 569 556 632 A:
579 565 710 646 ἄρχεται
725 566 834 632 τοίνυν
848 570 906 631 τοῦ
925 564 999 630 καθ’
1012 567 1102 644 ἡμῶν
1122 564 1223 643 λόγου
1242 566 1293 631 καί
1307 587 1391 646 φηςι.

242 679 327 750 Quod
351 681 488 757 sequitur
510 679 549 757 lg.
564 696 591 756 p.
606 674 683 738 4113
699 695 743 756 sq.
781 675 899 756 Optime
923 651 1003 738 enim
1022 675 1152 736 lulianus
1176 695 1244 737 curm
1269 676 1392 738 dixisset

242 803 345 848 causas
369 804 435 846 sese
460 787 675 864 expositurum,
698 782 806 862 quibus
830 791 984 862 permotus
1007 782 1142 844 iraudem
1166 801 1232 845 esse
1257 791 1398 844 censeret·

242 892 439 954 Christianam
462 891 645 971 religionem,
669 909 728 970 quo
749 889 836 950 modo
862 907 893 950 se
912 897 1053 969 gererent
1076 888 1239 952 lectoribus
1260 908 1390 970 pronun-

244 1001 333 1061 tiavit.
366 998 447 1070 Quae
467 997 518 1058 ubi
537 997 703 1078 explanarit
721 999 759 1077 lg.
774 1017 801 1077 p.
816 995 948 1076 42Esq.
972 997 1083 1058 indicat
1103 998 1203 1076 operis
1226 999 1274 1057 sui
1296 999 1391 1058 consi-

243 1107 316 1168 lium
339 1107 375 1166 iis
395 1123 470 1185 quae
492 1104 581 1165 modo
605 1104 758 1166 attulimus
778 1103 884 1171 verbis.
915 1103 1055 1165 Primum
1074 1105 1177 1183 paucis
1196 1123 1227 1164 se
1250 1107 1393 1185 repetitu·
1468 1159 1471 1163 .

244 1187 321 1295 rum,¹
345 1212 424 1274 unde
444 1221 474 1272 et
492 1211 640 1291 quomodo
664 1211 835 1272 hominibus
854 1213 984 1291 primum
1007 1213 1037 1270 in
1057 1218 1186 1271 mentem
1212 1213 1326 1272 venerit
1343 1210 1395 1272 llei

244 1321 358 1380 notitia.
402 1318 514 1380 Deinde
544 1337 609 1379 sese
637 1326 878 1398 comparaturum
901 1317 1083 1378 Graecorum
1106 1323 1137 1376 et
1158 1306 1335 1386 ludaeorum
1359 1296 1396 1378 de

159 1408 165 1421 ’
245 1429 300 1490 deo
325 1429 496 1488 sententias.
535 1424 612 1486 Tum
641 1443 707 1486 sese
723 1427 984 1504 interrogatorum
1008 1423 1204 1504 Christianos,
1231 1443 1298 1505 cur,
1327 1444 1395 1486 ctum

247 1535 360 1596 relictis
384 1533 565 1594 Graecorum
588 1531 733 1593 doctrinis
755 1533 786 1592 in
809 1530 987 1591 ludaeorum
1010 1537 1111 1610 partes
1134 1531 1335 1612 transiissent,
1358 1549 1395 1592 ue

245 1645 276 1703 in
307 1659 410 1704 eorum
440 1618 560 1719 quidem
577 1640 748 1714 sententiis
776 1647 807 1700 et
835 1640 915 1699 victu
942 1639 1175 1718 perseverarint,
1208 1637 1260 1700 sed
1292 1657 1396 1698 noram

246 1749 420 1829 religionem
444 1748 668 1836 composuerint
690 1748 819 1825 pessima
842 1764 978 1824 quaeque
1006 1764 1082 1825 quae
1111 1755 1141 1806 et
1167 1746 1245 1824 apud
1264 1745 1397 1806 Graecos

247 1862 278 1915 et
300 1853 378 1934 apud
401 1853 525 1914 ludaeos
552 1855 758 1933 reperirentur
785 1856 815 1914 in
844 1871 931 1913 usum
955 1871 1043 1914 suum
1066 1851 1255 1914 conferendo.
1302 1853 1396 1932 Atque

247 1961 303 2023 lroc
327 1961 446 2040 quidem
469 1960 534 2021 loco
558 1962 736 2022 terminatur
759 1961 953 2040 prooemium.
1098 1947 1101 1952 ’

271 2128 276 2136 ,
338 2061 381 2156 Ex
395 2069 496 2154 prima
515 2076 614 2129 autem
633 2066 842 2146 disputationis
861 2075 945 2146 parte
964 2068 1123 2147 quicquam
1144 2066 1229 2127 nobis
1249 2075 1397 2128 servatum

250 2193 316 2234 esse
340 2165 457 2252 negavit
484 2173 566 2255 libri,
590 2192 678 2252 quem
702 2175 787 2236 initio
807 2173 1029 2235 ¹dissertationis
1052 2192 1133 2234 meae
1161 2172 1292 2255 laudavi,
1313 2194 1341 2254 p.
1356 2173 1397 2236 98
1446 2161 1451 2172 ’

253 2283 341 2342 etiam
364 2281 478 2342 Rodius
501 2283 677 2360 ceteroquin
701 2279 952 2360 diligentissimus.
990 2280 1115 2341 Exstant
1137 2289 1236 2342 autem
1255 2301 1283 2361 p.
1298 2278 1398 2343 52BC

250 2389 310 2450 duo
339 2386 444 2464 iuliani
477 2388 653 2467 fragmenta,
686 2405 761 2467 quae
790 2380 966 2467 separantur
998 2386 1103 2449 lacuna
1130 2387 1167 2448 ab
1199 2389 1264 2467 ipso
1292 2388 1399 2468 Cyrillo

251 2493 352 2554 verbis
375 2491 426 2556 καὶ
445 2489 518 2569 μεθ’
537 2491 631 2569 ἕτερα
650 2490 747 2555 πάλιν
766 2494 908 2575 indicata,
933 2512 1059 2572 quorum
1083 2493 1176 2555 altero
1189 2495 1244 2556 'dei
1266 2497 1399 2558 notitiam

251 2599 420 2662 hominibus
449 2607 554 2660 natura
586 2599 683 2661 datam
712 2618 777 2660 esse
811 2602 984 2682 exponitur,
1015 2600 1108 2662 altero
1137 2611 1279 2680 quantum
1308 2602 1402 2664 valeat

251 2706 366 2769 caelum
393 2708 423 2767 in
451 2707 611 2770 hominum
632 2707 668 2768 de
698 2706 753 2767 deo
783 2709 948 2768 sententiis.
990 2706 1069 2786 Ergo
1097 2706 1221 2769 dubium
1247 2727 1312 2770 esse
1341 2728 1400 2773 nou

251 2821 360 2895 potest,
379 2815 451 2894 quin
470 2814 645 2893 deprompta
664 2815 724 2874 sint
742 2813 814 2873 haec
834 2807 998 2892 fragmenta
1017 2832 1053 2873 ex
1072 2816 1166 2892 prima
1185 2815 1402 2878 dissertationis

252 2927 346 3001 parte.
383 2919 474 2981 Cuius
497 2923 616 2983 initium
639 2921 725 2982 nohis
749 2928 898 2982 serratum
922 2938 1072 2982 essenon
1096 2921 1225 3003 videtur,
1254 2942 1322 2984 cum
1347 2943 1401 2984 vox

252 3027 350 3089 τοῦτο
374 3029 409 3088 in
424 3028 581 3108 fragmenti
599 3049 628 3108 p.
644 3025 727 3115 5213·
743 3028 822 3089 allati
840 3027 938 3088 verbis
957 3024 1006 3089 ὅτι
1026 3026 1062 3089 δὲ
1081 3025 1120 3090 οὐ
1140 3029 1297 3107 διδακτὸν,
1320 3027 1403 3094 ἀλλὰ

254 3131 347 3210 pecu
370 3135 485 3196 τοῦτο
509 3137 577 3198 τοῐ(
596 3131 779 3213 ἀνθρώποις
799 3131 934 3211 ὑπάρχει
954 3143 1069 3214 spectet
1087 3135 1197 3214 aliquid
1216 3137 1295 3216 quod
1319 3156 1402 3217 prae·

203 3253 223 3302 ·,
254 3243 378 3302 missum
392 3251 469 3322 erat,
489 3243 577 3303 verba
592 3243 706 3304 scilicet
720 3241 758 3305 τὸ
773 3240 892 3305 εἰδέναι
906 3239 990 3305 θεόν.
1019 3243 1216 3304 Grammatica
1235 3245 1402 3305 nisi-inter·
1470 3265 1477 3278 ‘

254 3347 375 3409 cederet
398 3349 483 3430 ratio,
507 3349 580 3410 nihil
599 3349 772 3430 prohiberet
790 3337 847 3410 nos
870 3359 975 3428 putare
999 3351 1116 3411 initium
1133 3353 1255 3430 cepisse
1278 3353 1403 3430 primam

255 3455 471 3515 dissertationis
481 3463 596 3535 partem
607 3455 643 3516 ab
654 3475 689 3517 eo
700 3459 785 3518 cuius
796 3459 976 3519 mentionem
987 3458 1074 3518 modo
1089 3458 1330 3538 lecilragmento.
1349 3456 1404 3518 Cui

256 3578 331 3639 quae
352 3563 498 3622 sententia
517 3565 667 3641 praemitti
684 3566 816 3643 potuerit
836 3565 973 3644 equidem
992 3567 1105 3644 ignoro.
1129 3564 1189 3626 lam
1204 3583 1273 3626 vero
1289 3572 1405 3626 antece·

257 3667 331 3728 dunt
345 3665 483 3728 lulianeis
498 3668 570 3728 haec
586 3667 686 3748 Cyrilli
700 3669 803 3730 rerba:
823 3667 1040 3747 διιεχυρίζεται
1054 3670 1112 3747 μὲν
1126 3669 1187 3749 γὰρ
1206 3665 1261 3754 (sc.
1277 3666 1405 3734 Ἰουλια-

257 3767 327 3854 νὸς)
342 3769 386 3835 ὠ(
400 3769 570 3836 ἀδίδακτόν
585 3793 613 3836 τι
628 3777 733 3852 χρῆμα
747 3773 798 3838 καὶ
811 3773 989 3854 αὐτομαθέ(
1000 3772 1157 3861 <ecrrv>1)
1172 3774 1354 3856 ἀνθρώποις
1367 3776 1407 3840 τὸ

257 3877 375 3943 εἰδέναι
389 3879 479 3943 θεὸν·
494 3880 570 3958 φηεὶ
585 3881 619 3945 δὲ
635 3881 752 3946 οὕτως·
767 3917 818 3946 -.
843 3884 924 3956 (lirae
935 3885 1061 3965 Cyrillus
1072 3904 1140 3947 cum
1154 3887 1332 3967 scripsisset,
1346 3903 1407 3948 non
1501 3876 1512 3896 ’

257 3990 355 4067 potuit
373 4007 431 4048 non
452 3997 567 4050 mutare
587 3990 692 4053 Iuliani
710 3983 812 4073 verba,
835 3994 861 4053 si
879 3991 944 4053 loco
964 3991 1047 4054 verbi
1065 3994 1161 4054 τοῦτο
1180 3992 1408 4054 inveniebantur

258 4093 347 4154 verba
360 4092 399 4155 τὸ
413 4091 532 4159 εἰδέναι
546 4094 631 4162 θεόν.
665 4099 746 4170 Quae
762 4117 869 4160 censeo
885 4098 1070 4178 subroganda
1086 4117 1151 4158 esse
1168 4100 1199 4159 in
1213 4099 1312 4161 locum
1327 4101 1408 4160 vocis

257 4203 364 4264 τοῦτο.
402 4201 487 4273 erod
507 4207 533 4265 si
552 4208 701 4288 statueris,
720 4224 808 4267 causa
828 4215 957 4288 nonest,
975 4225 1029 4267 cur
1048 4208 1165 4268 initium
1185 4208 1299 4286 cepisse
1315 4224 1407 4286 neges

332 4431 358 4501 1)
377 4431 482 4486 Vocem
500 4432 572 4487 lecto
592 4431 720 4523 equidem
739 4430 838 4487 adieci.
