3194 4904
252 310 296 374 20
570 389 575 393 ,
759 310 850 381 Caput
868 311 889 366 I.
915 371 916 374 γ

252 494 326 540 των.
367 473 474 552 ἀμέλει
501 479 581 552 γοῦν
605 475 692 554 χθὲς,
722 475 762 540 οὐ
785 473 893 555 πάλαι,
923 471 1105 553 (πωλήςατε
1142 474 1183 538 τὰ
1214 473 1402 553 ὑπάρχοντα

250 582 392 658 γυναιξὶν
407 580 573 662 εάςχήμοςι
587 581 679 647 ταῦτ’
692 583 892 659 ἐπαναγινώ-
921 582 972 646 καί
986 579 1061 645 δότε
1079 585 1234 659 πτωχοῖς·
1249 582 1401 661 ποιήςατε

252 709 381 754 ςκοντες
401 687 563 768 ςπώληςόν
578 710 633 754 coo
651 690 691 754 τά
705 689 893 769 ὑπάρχοντα
921 687 1048 752 ἑαυτοῖς
1074 686 1248 767 βαλλάντια
1275 689 1315 767 μὴ
1340 709 1401 753 πα-

250 797 302 860 ιςαὶ
321 797 377 860 δὸς
396 801 547 875 πτωχοῖς,
566 797 618 860 καὶ
639 797 718 865 έξεις
733 799 893 876 θηςααρόν
921 792 1401 874 λαιούμενα’.ταύτηςτῖςείπεῖν

251 903 287 968 ἐν
306 901 479 983 οὐρανοῖς’,
506 901 636 969 ἔπειςαν
658 907 762 970 πᾶςαν
782 903 893 970 οὐςίαν
921 899 986 981 ἔχει
1006 903 1257 980 πολιτικωτέραν
1275 907 1330 981 τῆς
1349 903 1400 966 έν-

250 1012 291 1090 itu
313 1009 402 1090 εἶχον
426 1011 477 1074 καί
500 1011 634 1089 ὕπαρξιν
658 1016 816 1090 διανεῖμαι
837 1014 891 1078 πέ-
919 1011 1029 1088 τολῆς;
1064 1007 1092 1072 εἰ
1119 1009 1181 1087 γὰρ
1210 1007 1329 1074 πάντες
1353 1029 1401 1072 ςοι

250 1135 327 1196 νηςι,
347 1118 398 1181 καὶ
417 1117 515 1181 αάτὰς
534 1117 578 1182 είς
593 1117 720 1184 ἔνδειαν
739 1119 892 1185 ἐλθούςας
920 1113 1400 1198 πειςθεῖεν,τίςὸὠνηςόμενος;

251 1223 447 1302 έρανίζεςθαι
457 1225 490 1290 ἐξ
501 1224 684 1304 ἐλευθερίας
700 1227 745 1291 εἰς
756 1224 892 1306 άςεμνον
920 1223 1045 1287 ἐπαινεῖ
1058 1220 1104 1286 τίς
1114 1221 1234 1300 ταύτην
1243 1223 1302 1301 τὴν
1314 1225 1401 1285 διδα-

250 1327 416 1407 ἀπαίτηςιν
435 1331 597 1413 έλθούςας,
621 1333 765 1399 ἐλεεινὸν
788 1334 821 1399 ἐξ
841 1334 892 1398 εὐ·
920 1328 1059 1409 ςκαλίαν,
1074 1328 1346 1408 ἦςιςρατυνθείςης
1362 1328 1401 1392 οὐ
1456 1377 1461 1387 .

251 1435 415 1514 δαιμονίας
430 1438 626 1504 ἐπελθούςας
641 1439 823 1520 πρόςωπον,
841 1441 892 1504 καὶ
921 1435 1022 1514 πόλις,
1037 1435 1095 1500 orii<
1115 1435 1216 1516 ἔθνος,
1240 1435 1299 1500 οὐκ
1318 1425 1417 1499 οἰκία

249 1545 343 1607 τέλος
369 1543 614 1621 άναγκαςθείςας
644 1547 697 1611 ἐπὶ
719 1546 775 1610 τὰς
799 1545 891 1625 έχόν-
920 1543 974 1621 μία
1006 1544 1198 1623 ςυςτήςεται;
1236 1546 1305 1606 πῶς
1338 1541 1400 1620 γὰρ

251 1671 318 1714 των
346 1651 446 1716 οἰκίας
469 1650 609 1732 ἀπιέναι,
633 1652 714 1733 ὅπερ
742 1653 806 1717 έςτὶ
836 1658 892 1732 τῆς
920 1652 1109 1729 πραθέντων
1133 1649 1287 1715 ἁπάντων
1313 1647 1400 1714 οἶκος

252 1756 395 1836 πρώτης,
419 1760 543 1836 μάλλον
566 1759 595 1823 δ’
613 1759 745 1839 έςχάτης
763 1753 892 1839 ’ὕβρεώς
920 1757 1046 1836 ἔντιμος
1065 1751 1146 1822 εἶναι
1164 1755 1297 1822 δύναταί
1316 1777 1362 1821 τις
1380 1759 1400 1836 ἢ

251 1884 286 1928 τε
306 1865 357 1928 καλ
376 1870 548 1946 ςυμφορᾶς,
569 1871 635 1933 τῶν
655 1867 782 1932 οἰκείων
801 1869 892 1932 ἐκπε-
920 1864 1016 1940 οἰκία;
1045 1865 1083 1928 τὸ
1112 1867 1162 1944 δέ,
1194 1862 1244 1928 ὅτι
1267 1862 1401 1928 πάντων

253 1977 319 2036 ςεῖν
344 1973 503 2052 εὐςεβείας
527 1975 733 2054 προςχήματι,
757 1975 893 2038 καὶτῶν
920 1970 1002 2050 ὁμοῦ
1025 1975 1092 2037 τῶν
1111 1973 1147 2037 ἐν
1170 1978 1208 2056 τῇ
1232 1971 1325 2036 πόλει
1349 1993 1398 2035 πι-

249 2077 428 2159 ἀλλοτρίων
445 2081 522 2159 ἐρᾶν
540 2079 661 2164 ἀνάγκῃ
683 2087 740 2160 τῆς
759 2080 892 2146 ἐνδείας.
920 2080 1163 2158 πραςκομένων,
1184 2078 1242 2142 οὐκ
1257 2077 1296 2142 άν
1311 2078 1400 2157 εὑρε-

249 2183 297 2251 Ἐξ
331 2184 377 2252 ὼν
410 2191 499 2252 δοκεῖ
529 2207 582 2266 μοι
614 2192 715 2252 ταῦτα
742 2189 892 2264 γυναικὸς
920 2190 1007 2251 θεῖεν
1020 2185 1051 2249 οἱ
1062 2184 1285 2265 ἀγοράζοντες,
1301 2205 1399 2263 φανε-

251 2289 331 2356 είναι
355 2292 532 2372 καμνούςης
555 2293 595 2357 τὰ
617 2293 751 2372 ῥήματα.
920 2292 978 2371 ρόν
1002 2293 1065 2356 ἐςτι
1089 2294 1140 2356 καὶ
1164 2291 1381 2370 ςιωπώμενον.

339 2436 412 2508 Quis
436 2440 527 2518 igitur
556 2446 601 2499 est
624 2441 676 2518 qui
699 2440 764 2499 fieri
793 2441 926 2519 potuisse
950 2447 1083 2520 censeat,
1111 2445 1145 2499 ut
1172 2437 1302 2498 lulianus
1331 2456 1400 2499 eum

251 2545 343 2606 altero
367 2545 433 2606 looo
456 2545 632 2626 philosophi
646 2546 746 2607 verbis
769 2564 842 2607 usus
865 2554 958 2626 esset,
981 2545 1074 2606 allero
1099 2563 1132 2606 ee
1156 2563 1231 2624 quae
1255 2563 1271 2604 a
1294 2544 1400 2604 Photio

250 2661 364 2712 serrata
393 2661 463 2713 sunt
490 2649 660 2732 proferret?
705 2652 875 2733 Philosophi
903 2654 995 2732 igitur
1028 2654 1227 2731 fragmentum
1259 2670 1319 2712 non
1352 2652 1400 2712 de-

248 2770 419 2839 promptum
440 2767 485 2820 est
504 2778 539 2820 ex
558 2758 663 2820 Iuliani
681 2759 774 2820 libris.
802 2758 856 2820 Est
875 2767 974 2820 autem
993 2777 1101 2838 operae
1119 2761 1250 2838 pretium
1269 2758 1398 2819 animad-

249 2874 375 2941 vertere,
399 2874 508 2945 quante
531 2869 570 2928 sit
593 2866 711 2927 dicendi
730 2865 911 2927 differentia:
936 2866 1035 2926 sedata
1057 2867 1137 2926 enim
1156 2868 1289 2926 oratione
1313 2847 1403 2944 argu?

250 2982 401 3034 mentatur
418 2972 626 3058 philosophum,
644 2973 740 3033 alaore
760 2980 790 3034 et
805 2975 964 3034 excitatum
982 2971 1087 3032 Iuliani
1106 2973 1258 3050 ingenium
1277 2980 1401 3051 apparet

249 3099 285 3140 ex
313 3082 447 3142 oratione
479 3080 761 3159 interrogationibus
788 3080 907 3140 referte.
948 3079 1051 3157 Neque
1085 3081 1182 3139 minus
1210 3079 1325 3156 insigne
1354 3087 1400 3137 est

249 3187 375 3251 alterum
408 3188 583 3267 exemplum.
629 3186 826 3266 Philosophus
858 3188 938 3246 enim
970 3163 1068 3264 negat·
1090 3193 1207 3244 exstare
1241 3185 1399 3263 quiequam

248 3292 392 3355 librorum
412 3293 523 3354 aMose
544 3296 739 3375 scriptorum
758 3312 861 3353 omnes
880 3295 972 3366 enim,
993 3294 1045 3371 qui
1064 3293 1266 3352 eius'nonrine
1285 3292 1398 3350 serren-

248 3406 298 3460 tur
330 3406 433 3478 postea
465 3400 501 3458 ab
530 3398 623 3459 Esdra
654 3417 720 3458 esse
753 3400 947 3477 conscriptos
993 3398 1066 3457 Nem
1095 3395 1270 3472 Μωυςέως,
1301 3399 1400 3475 inquit

154 3489 156 3492 ⁵
247 3525 275 3584 p.
299 3503 352 3587 54,
371 3502 405 3584 3,
437 3502 534 3566 οὐδέν
562 3501 770 3568 άποςιίιζεται.
817 3501 1042 3580 ςυγγράμματα
1069 3501 1130 3580 γὰρ
1159 3500 1265 3566 πάντα
1293 3519 1400 3578 ςανεμ-

249 3613 426 3687 πεπρῆςθαι
441 3613 490 3691 ,τῷ
509 3613 578 3692 ναῷ
597 3610 731 3685 λέγεται.
759 3603 818 3671 nco
837 3605 866 3670 δ’
879 3605 929 3671 ἐπ’
944 3606 1076 3686 ὀνόματι
1091 3609 1252 3672 Μωυςέως
1272 3606 1397 3686 ἐγράφη

248 3715 326 3793 μετὰ
358 3720 472 3794 ταῦτα,
505 3716 584 3793 μετὰ
615 3715 702 3794 χίλια
729 3715 780 3778 καὶ
808 3714 923 3779 ἑκατὸν
951 3715 1002 3778 καὶ
1031 3713 1232 3793 ὀγδοήκοντα
1260 3713 1314 3792 ἔτη
1342 3718 1398 3792 τῆς

246 3809 411 3915 ΙΜωυςέως
434 3825 587 3901 τελευτῆς
611 3822 675 3887 ὑπὸ
693 3821 808 3900 Ἔςδρα
832 3822 883 3886 καὶ
901 3825 967 3885 τῶν
990 3818 1069 3899 ἀμφ’
1087 3820 1188 3885 αὐτὸν
1206 3819 1399 3899 ςυνεγράφη.

249 3932 290 3993 De
314 3930 427 3992 loliano
456 3941 555 3993 autem
579 3931 705 4012 cyrillus
727 3952 755 4012 p.
782 3928 884 3992 168Α
912 3929 991 3992 ποτέ
1015 3928 1072 4005 μέν
1096 3947 1185 4012 φηςι,
1208 3933 1317 4011 inquit,
1341 3927 1399 3991 τὸν

246 4036 443 4116 ἱεροφάντην
468 4038 606 4102 Μωυςέα
630 4040 885 4116 δημαγωγοῦντα
909 4037 1032 4114 μᾶλλον
1056 4037 1076 4114 ἢ
1100 4033 1301 4113 ἀληθεύοντα
1323 4035 1398 4098 τοὺς

247 4268 309 4322 loeo
324 4267 453 4321 laudavi:
473 4265 669 4333 quaestionum
684 4265 807 4336 Amphil.
823 4263 918 4333 editio,
937 4280 1009 4332 quoe
1023 4263 1078 4319 vol.
1094 4263 1136 4318 cl.
1157 4261 1323 4328 continetur,
1341 4278 1398 4315 non

247 4359 372 4412 veterem
383 4355 523 4425 quendum
535 4354 687 4410 editionem
702 4353 843 4424 repetivit,
857 4353 907 4408 sed
920 4368 1020 4407 novam
1036 4353 1154 4422 praebet
1162 4351 1397 4421 Hergenroetheri

247 4461 445 4502 recensionem.
810 4463 815 4470 ·
