3192 4906
224 337 266 403 76
730 338 823 409 Caput
840 341 860 394 1.

223 505 393 588 explicavit,
425 515 558 585 tempore
588 508 852 568 consummationis
885 507 987 567 mundi
1016 525 1072 586 per
1102 525 1152 567 res
1184 508 1264 585 ipsas
1295 507 1373 568 idem

223 613 405 691 significavit,
429 612 508 690 quod
530 631 586 692 per
609 612 841 681 innumerabiles
864 613 983 696 formas,
1006 620 1093 692 typos
1112 621 1141 673 et
1165 621 1257 674 nutus
1279 613 1372 674 homi·

222 718 310 779 nibus
332 719 485 799 prioribus
508 723 750 799 praenuntiatum
770 729 842 781 erat.
880 720 1022 800 Agedum,
1046 722 1073 780 si
1095 719 1200 801 placet,
1224 720 1259 780 ad
1284 721 1372 780 maio-

222 844 286 886 rem
313 828 547 907 investigationis
580 829 825 907 perspicuitatem
857 827 938 906 leges
966 828 1137 908 alienamus,
1168 845 1243 906 quae
1273 825 1309 887 ab
1338 845 1372 888 eo

221 943 375 994 venerunt.
419 933 521 1013 ltaque
544 936 690 1014 praecipit
712 934 760 995 lex
783 953 837 1015 per
860 933 991 1014 Moysem
1014 934 1095 1016 data,
1125 941 1159 994 ut
1181 952 1319 996 vacemus
1341 937 1372 996 in

222 1042 343 1104 sabbato
370 1050 399 1103 et
425 1041 500 1104 cibis
526 1050 657 1123 utamur,
689 1044 741 1122 qui
765 1049 890 1122 propter
917 1040 1069 1103 sabbatum
1096 1048 1182 1102 antea
1207 1044 1373 1122 praeparati

222 1153 294 1230 sint,
330 1158 455 1230 propter
481 1149 560 1228 quod
593 1149 657 1209 dies
686 1147 807 1209 sabbato
834 1149 1016 1228 praecedens
1044 1149 1225 1226 παραεκευή
1254 1148 1371 1210 dicitur.

222 1256 280 1317 Sed
304 1264 335 1317 et
357 1259 388 1316 in
414 1258 478 1335 ipso
502 1254 623 1317 sabbato
652 1254 817 1325 offerebant
844 1258 1033 1335 operationes
1057 1247 1269 1337 sacerdotales,
1296 1274 1371 1335 quae

156 1342 165 1362 ⁵
221 1363 385 1426 secundum
415 1381 522 1423 munus
555 1362 736 1423 sacerdotale
765 1365 945 1424 constitutae
974 1370 1052 1424 sunt.
1095 1363 1267 1424 Offerebant
1294 1365 1372 1424 enim

221 1471 296 1551 Deo,
320 1471 372 1549 qui
396 1477 555 1548 estsuper
579 1487 695 1548 omnes,
719 1487 794 1548 quae
818 1471 848 1529 in
872 1469 936 1550 lege
961 1472 1120 1531 constituta
1144 1477 1227 1551 sunt3
1255 1477 1286 1530 et
1308 1471 1372 1530 sine

220 1577 453 1656 reprehensione
478 1584 542 1638 erat
570 1577 606 1636 iis
634 1577 767 1655 operatio
796 1579 997 1656 nequeenim
1025 1577 1240 1638 condemnatur
1267 1573 1372 1638 barum

220 1702 323 1744 rerum
342 1701 414 1744 cura
433 1684 589 1744 sententiis
612 1683 694 1762 legis.
731 1681 807 1742 lussi
826 1689 925 1743 autem
945 1692 1030 1744 erant
1049 1682 1204 1745 sabbatum
1220 1683 1371 1746 'celebran-

221 1799 267 1852 tes
295 1790 408 1852 nullum
437 1809 512 1850 onus
541 1800 657 1871 gestare
685 1795 717 1852 in
750 1789 882 1850 humeris
911 1808 1008 1869 neque
1037 1791 1138 1872 egredi
1168 1792 1249 1852 foras
1275 1810 1372 1871 neque

221 1897 374 1959 discedere
411 1900 548 1960 tentoriis
586 1901 656 1960 suis.
710 1899 787 1960 Dicit
821 1901 915 1962 enim:
955 1899 1072 1960 Maneat
1104 1900 1311 1978 unusquisque
1343 1900 1373 1959 iu

223 2007 360 2066 tentoriis
389 2007 498 2066 vestris
527 2023 623 2084 neque
653 2007 782 2067 eiieratis
812 2024 888 2068 onus
917 2025 953 2067 ex
981 2005 1119 2066 domibus
1148 2007 1255 2067 vestris
1282 2023 1372 2067 unus·

222 2115 348 2191 quisque
367 2115 398 2172 in
413 2113 460 2172 die
476 2112 588 2175 sabbati
603 2107 670 2196 (Ex.
688 2112 738 2195 16,
753 2110 809 2196 293
828 2113 884 2176 ler.
902 2111 953 2196 17,
967 2109 1033 2195 22).
1062 2112 1133 2172 Sine
1149 2111 1258 2174 mulcta
1273 2120 1372 2174 autem

220 2221 356 2298 permisit
375 2220 463 2279 etiam
483 2221 742 2281 circumcisionem
766 2223 796 2281 in
816 2220 945 2282 sabbato.
984 2219 1062 2291 Quid
1082 2237 1153 2298 ergo
1173 2227 1276 2280 contra
1299 2220 1372 2281 haec

221 2326 292 2386 dicit
311 2325 523 2387 adversarius?
556 2327 658 2398 Qualis
678 2335 724 2388 est
742 2347 801 2410 reS,
819 2313 935 2390 amice?
972 2327 1032 2388 Cur
1051 2328 1145 2407 enim,
1164 2326 1235 2388 dum
1253 2326 1301 2389 lex
1320 2329 1372 2388 im-

220 2442 317 2514 perat,
345 2441 379 2493 ut
409 2433 445 2494 ab
469 2437 549 2495 omni
575 2436 746 2514 operatione
770 2443 801 2496 et
823 2434 923 2497 labore
948 2442 1169 2515 removeantur,
1191 2437 1371 2514 permissum

221 2547 285 2601 erat
303 2539 508 2601 sacerdotibus
526 2542 557 2600 in
576 2541 843 2603 consuetudinibus
863 2544 925 2603 suis
944 2541 1092 2622 incedere,
1114 2543 1372 2614 circumcisionem

220 2666 339 2727 quoque
368 2649 486 2731 perfici,
515 2657 566 2710 aut
593 2649 685 2710 licere
716 2649 871 2711 sabbatum
894 2651 992 2730 agenti
1021 2667 1097 2709 onus
1125 2649 1203 2709 ferre
1233 2657 1262 2709 et
1289 2657 1372 2709 extra

220 2756 383 2815 tentorium
402 2751 506 2816 exire?
538 2755 598 2816 Cur
617 2762 716 2816 autem
731 2757 828 2816 edulia
848 2765 934 2818 antea
952 2753 1156 2836 praeparanda
1175 2763 1269 2838 erant,
1288 2757 1372 2833 quasi

221 2881 281 2922 non
304 2860 409 2923 liceret
432 2865 472 2923 ita
496 2866 614 2943 operari
636 2867 668 2924 in
692 2862 835 2925 sabbato?
872 2864 975 2925 Nonne
997 2882 1067 2944 ergo
1092 2864 1256 2942 unicuique
1280 2863 1370 2923 mani·

220 2969 329 3030 festum
353 2977 408 3051 est,
432 2972 490 3031 nisi
514 2973 553 3032 sit
575 2973 671 3051 imago
695 2974 828 3034 veritatis
851 2974 882 3032 in
905 2948 961 3053 his,
986 2971 1058 3032 nihil
1082 2969 1179 3030 valere
1203 2970 1371 3029 universam

220 3077 296 3138 banc
320 3075 437 3158 legem?
471 3076 692 3139 Sabbatizamus
711 3081 789 3139 enim
809 3081 839 3138 in
859 3078 992 3160 Christo,
1017 3078 1086 3138 dum
1106 3095 1161 3136 nos
1179 3074 1372 3156 probibemus

220 3203 280 3245 non
300 3183 335 3244 ab
355 3185 497 3264 operibus
515 3188 546 3246 in
566 3189 748 3268 universum,
767 3196 797 3246 et
817 3185 853 3247 de
869 3185 978 3264 quibus
998 3186 1105 3245 merito
1125 3201 1211 3244 nemo
1226 3183 1373 3264 queritur,

175 3339 178 3344 Δ
221 3293 337 3352 etiamsi
364 3311 381 3351 a
409 3291 495 3352 nobis
523 3293 611 3374 irunt,
643 3292 694 3353 sed
723 3312 739 3352 a
767 3294 1009 3373 concupiscentia
1036 3290 1112 3351 mali.
1159 3288 1191 3349 ld
1219 3291 1298 3351 enim
1327 3296 1373 3350 est

221 3400 348 3460 cessatio
371 3398 496 3479 pulchra
515 3407 545 3460 et
568 3399 721 3480 mirabilis,
745 3400 795 3461 sed
820 3419 836 3460 a
860 3403 941 3461 curis
965 3399 1076 3460 sanctis
1096 3415 1155 3457 non
1179 3395 1372 3477 abstinemur,

135 3523 139 3532 ·
220 3524 296 3585 quae
325 3514 396 3568 sunt
424 3507 498 3567 odor
526 3509 624 3568 suavis
652 3508 712 3568 Deo
746 3507 995 3568 intellectualiter.
1041 3504 1098 3566 Sed
1130 3522 1371 3583 rrnrrmquemque

220 3621 357 3675 nostrum
380 3616 411 3674 in
435 3616 642 3674 communione
666 3613 813 3674 bonorum
838 3633 962 3694 operum
985 3621 1070 3675 antea
1094 3611 1215 3691 abipso
1238 3619 1371 3691 peracto-

220 3738 289 3781 rum
314 3739 506 3802 permanere,
537 3721 648 3782 indicat
680 3720 765 3782 nobis
799 3720 1012 3802 pulcherrime,
1045 3719 1125 3800 quod
1157 3726 1276 3798 oportet
1305 3725 1372 3778 ante

221 3826 375 3888 sabbatum
403 3845 581 3908 praeparare
610 3827 701 3889 cibos.
736 3828 781 3908 llt
809 3827 1023 3888 sabbatizantes
1051 3824 1292 3888 intellectualiter
1319 3843 1374 3886 nos

221 3936 479 3996 circumcisionem
502 3936 687 4015 spiritualem
711 3954 770 3996 non
794 3934 930 3997 manibus
959 3935 1065 3996 iactam
1090 3936 1239 4016 recipere,
1266 3950 1372 3993 rursus

220 4041 330 4102 indicat
365 4051 461 4122 typus.
515 4041 610 4104 Soluti
643 4045 721 4103 enim
754 4061 858 4104 sumus
885 4041 936 4102 ab·
957 4044 1038 4103 omni
1068 4060 1173 4123 onere,
1207 4039 1368 4102 abicientes

219 4155 375 4229 peccatum
393 4167 481 4227 grave
501 4159 531 4210 et
554 4152 717 4231 impurum3
740 4150 935 4211 iustificamur
954 4150 1034 4208 enim
1057 4150 1088 4209 in
1108 4147 1234 4210 Christo.
1266 4147 1369 4227 Neque

221 4256 390 4336 egredimur
418 4275 434 4316 e
463 4255 653 4317 tabernaculo
682 4264 798 4336 sancto,
827 4255 878 4316 sed
909 4273 1040 4315 amamus
1068 4256 1168 4334 potius
1194 4272 1370 4335 permanere

219 4366 250 4425 in
273 4363 408 4424 doctrina
431 4363 582 4424 ecclesiae.
619 4363 699 4424 llaec
723 4365 893 4424 enimvero
917 4371 963 4422 est
985 4360 1211 4422 tabernaculum
1234 4367 1368 4420 sanctum

221 4479 250 4532 et
278 4471 423 4553 divinum,
455 4471 534 4550 quod
562 4479 693 4532 amantes
721 4471 908 4550 precationes
936 4469 972 4530 ad
999 4468 1094 4530 Deum
1125 4475 1155 4528 et
1181 4466 1310 4548 psalmos
1339 4473 1370 4526 et
