3194 4904
207 281 251 344 24
433 320 437 326 .
720 279 811 350 capue
829 281 850 334 1.

207 448 384 510 substantivi
412 465 480 508 cum
509 446 633 508 articulo
660 450 715 524 τῆ(
744 447 956 528 coniungendi3
989 448 1040 507 sed
1069 444 1266 526 supplendum
1295 448 1358 507 sine

208 555 298 616 dubio
323 554 508 630 (ογγραφῆε
536 553 770 635 eodemmodo,
799 573 857 633 qno
885 556 915 614 in
938 553 1037 614 verbis
1061 556 1164 633 quinto
1193 553 1359 632 fragmento

208 663 380 743 praemissis
403 658 438 722 ἐκ
465 662 521 738 τῆ(
550 655 836 736 epoc’touttevov.
846 652 870 743 ¹)
919 656 1018 731 Quid?
1046 659 1125 739 quod
1154 661 1219 719 heri
1251 668 1359 740 potest,

209 777 243 830 ut
271 786 330 828 non
358 774 439 827 recte
467 767 573 845 legerit
601 766 775 828 Merenterus
803 766 882 845 quod
912 769 942 826 in
971 765 1073 826 codice
1102 769 1246 846 scriptum
1267 762 1360 827 erat?

209 876 407 936 Inveniuntur
430 874 510 934 enim
533 872 622 933 verba
645 873 719 934 haec
746 875 777 934 in
801 872 909 933 Leonis
932 873 1029 934 Allatii
1057 873 1181 935 diatriba
1205 874 1241 934 de
1265 873 1359 934 Theo·

209 982 290 1043 doris
319 976 406 1064 (Mai,
434 998 508 1041 nora
536 987 653 1059 patrum
682 980 814 1041 biblioth.
838 979 875 1039 Vl
901 1000 929 1060 p.
950 975 1019 1063 30):
1055 980 1227 1062 „Adversus
1254 980 1361 1053 Iuliani

210 1096 359 1170 apostatae
393 1088 554 1149 calumnias
586 1090 617 1148 in
651 1087 848 1170 Christianos,
880 1087 1017 1149 laudatur
1049 1089 1079 1149 in
1112 1094 1215 1148 catena
1250 1087 1361 1150 Graeca

211 1197 247 1256 ad
270 1195 395 1256 Lucam:
418 1190 592 1270 Θεοδώρου
612 1191 837 1270 Μοψουεετία(
862 1192 897 1256 ἐκ
919 1195 985 1256 τῶν
1009 1192 1089 1270 πρὸ(
1108 1191 1165 1254 τὰ(
1188 1191 1267 1256 κατὰ
1289 1193 1359 1270 Χρι-

211 1301 347 1380 (γιανῶν
366 1297 555 1377 κατηγορία(
574 1296 748 1364 Ἰουλιανοῦ
766 1301 825 1362 τοῦ
844 1297 1041 1378 παραβάτου.
1078 1299 1122 1361 Ex
1142 1303 1361 1362 commentariis

211 1408 360 1469 Theodori
384 1407 587 1488 Mopsuesteni
610 1409 753 1469 adversus
776 1408 881 1469 Iuliani
905 1408 1067 1470 desertoris
1086 1409 1308 1470 criminationes
1331 1409 1359 1467 in

212 1511 422 1576 Ch1·istianos“.
459 1516 500 1576 hc
529 1524 610 1576 recte
640 1514 747 1594 legisse
771 1516 909 1578 Allatium
932 1518 995 1577 veri
1026 1516 1120 1578 simile
1151 1517 1222 1577 mihi
1245 1515 1362 1578 videtur

211 1625 301 1684 etiam
319 1622 405 1683 aliam
424 1621 462 1682 ob
482 1623 669 1704 scripturam,
692 1625 723 1683 in
743 1642 802 1703 qua
821 1622 920 1685 differt
938 1643 954 1684 a
969 1622 1139 1706 Merentem,
1159 1623 1362 1685 verisimilius

212 1732 291 1792 enim
315 1749 380 1790 csse
404 1733 434 1790 in
459 1731 560 1791 codiee
584 1727 717 1791 ἐκτῶν
741 1749 829 1810 quam
857 1729 892 1792 ἐκ
915 1732 980 1808 τῆ(
1003 1728 1085 1807 πρὸ(
1107 1728 1164 1791 τὰ(
1187 1727 1267 1792 κατὰ
1291 1728 1362 1806 Χρι-

212 1836 348 1898 (τιανῶν
367 1833 558 1914 κατηγορία(
577 1839 722 1917 scriptum
737 1856 803 1898 esse
822 1838 891 1899 inde
910 1838 1049 1918 eflicitur,
1068 1837 1146 1916 quod
1166 1837 1252 1898 alteri
1268 1837 1363 1897 'l'heo-

212 1944 279 2004 dori
306 1943 470 2023 fragmento
499 1946 731 2024 praemittuntur
758 1944 848 2006 verba
874 1942 941 2006 Τοῦ
970 1929 1070 2006 αὐτοῦ
1098 1943 1133 2006 ἐκ
1155 1945 1222 2006 τῶν
1245 1940 1361 2006 αὐτῶν.

212 2049 256 2111 Εο
274 2052 366 2129 igitur
385 2050 485 2130 modo,
509 2069 568 2128 quo
586 2049 760 2111 Muenterus
779 2053 901 2131 putavit,
924 2069 983 2112 non
1002 2053 1165 2132 inscriptus
1187 2060 1251 2113 erat
1269 2051 1363 2111 Theo-

210 2157 278 2220 dori
293 2164 397 2218 contra
414 2156 561 2218 lulianum
575 2157 659 2218 liber.
698 2157 794 2230 erem
812 2161 931 2219 omnino
951 2178 1011 2219 non
1026 2160 1174 2220 exstitisse
1189 2157 1364 2220 ostendebat

214 2264 283 2325 Otto
312 2262 480 2324 Fridolinus
508 2263 659 2325 Fritzsche
693 2267 744 2344 qui
777 2265 814 2326 de
841 2264 991 2326 Theodori
1018 2264 1220 2345 Mopsuesteni
1247 2267 1306 2326 vita
1335 2275 1365 2326 et

215 2373 335 2451 scriptis
364 2373 643 2432 commentationem
665 2371 838 2432 historicam
867 2370 1061 2450 theologicam
1085 2371 1165 2432 Halis
1188 2389 1267 2438 auno,
1289 2371 1317 2432 h.
1342 2390 1365 2433 s.

121 2533 130 2546 ,
215 2475 258 2539 36
283 2476 394 2556 publici
418 2477 492 2536 iuris
516 2469 627 2558 feeitl)
669 2475 827 2537 Contendit
846 2485 945 2537 autem
964 2477 1146 2539 Fritzschius
1164 2498 1193 2558 p.
1208 2476 1248 2540 81
1272 2479 1365 2538 luisse

166 2566 170 2577 ⁴
215 2603 248 2645 ea
264 2601 338 2663 quae
353 2581 527 2644 Muenterus
546 2582 707 2661 publicavit
726 2583 889 2662 fragmenta
907 2586 939 2644 in
954 2588 1176 2668 commentario,
1195 2603 1254 2665 qno
1269 2584 1365 2646 'l'hco-

216 2693 307 2752 dorus
331 2689 514 2769 evangelium
534 2689 631 2750 Lucae
654 2689 841 2752 illustrasset.
879 2691 912 2751 ld
936 2691 1015 2771 qnod
1034 2691 1107 2753 mihi
1126 2711 1185 2759 non
1199 2694 1365 2776 persuasit.

215 2798 319 2877 Neque
341 2798 426 2875 enirn
453 2796 589 2875 probavit
615 2796 806 2858 Theodorum
837 2798 981 2880 peculiari
1010 2817 1100 2879 opere
1117 2781 1279 2860 'bulianum
1307 2817 1365 2860 non

216 2908 406 2985 impugnasse
436 2910 465 2965 et
493 2906 682 2982 gravissimae
713 2913 833 2984 accepta
860 2904 1016 2966 Fritzschii
1050 2909 1196 2968 sententia
1228 2909 1366 2967 oriuntur

217 3009 414 3072 difficultates.
456 3009 650 3072 Levissimum
681 3015 759 3072 enirn
788 3020 835 3073 est
867 3013 946 3093 qnod
980 3013 1052 3074 dicit
1085 3015 1272 3075 manifestum
1302 3032 1366 3074 esse

217 3118 306 3179 verba
326 3113 499 3194 Θεοδώρου
515 3115 740 3193 Μοψουεετία(
759 3117 794 3180 ἐκ
812 3120 878 3182 τῶν
898 3118 978 3196 πρὸ(
996 3118 1053 3181 τὰ(
1072 3117 1152 3182 κατὰ
1174 3118 1368 3196 Χριετιανῶν

182 3311 184 3314 v
218 3221 408 3301 κατηγορία(
427 3219 602 3287 Ἰουλιανοῦ
622 3227 681 3288 τοῦ
700 3223 887 3304 παραβάτου
911 3246 971 3287 non
990 3230 1143 3289 continere
1162 3227 1281 3289 titulum
1300 3227 1385 3314 libri·
1451 3252 1454 3258 ¹
1502 3218 1505 3224 ’

219 3332 395 3414 Theodorei,
420 3332 470 3393 sed
492 3334 556 3393 eius
575 3351 640 3394 esse
661 3336 712 3413 qui
735 3334 782 3394 illa
803 3337 994 3414 excerpserit.
1032 3335 1121 3397 Putat
1138 3337 1230 3416 igitur
1248 3337 1368 3396 linxisse

220 3447 425 3518 excerptorem
450 3459 483 3500 ea
508 3458 582 3518 quae
613 3442 746 3520 scripsit;
776 3440 805 3499 id
830 3441 909 3519 quod
933 3449 1064 3503 statuere
1086 3450 1221 3504 vetamur
1249 3451 1312 3503 arte
1335 3461 1369 3502 ac

219 3549 348 3628 ratione,
372 3548 429 3606 nisi
448 3565 554 3608 causae
574 3555 691 3608 exstant
709 3549 907 3626 gravissimae.
938 3548 1150 3612 Gravissimum
1168 3558 1266 3612 autem
1286 3556 1367 3610 certe

220 3671 279 3713 non
300 3662 354 3736 est,
377 3654 457 3733 quod
476 3653 658 3714 Fritzschius
679 3653 770 3736 „illud
790 3649 898 3715 etiam“
919 3658 1016 3735 inquit
1033 3657 1200 3740 „Muenteri
1218 3660 1367 3719 coniectu·

220 3779 282 3821 ram
307 3760 494 3840 aliquatenus
517 3761 664 3844 infringit,
693 3762 776 3843 quod,
794 3762 844 3823 illa
867 3764 1029 3843 fragmenta
1058 3767 1087 3826 in
1112 3774 1215 3827 catena
1240 3764 1368 3826 exhibita

202 3876 291 3930 »sunt
305 3876 392 3947 atque
412 3870 443 3929 in
462 3870 499 3930 iis
513 3870 586 3948 ipsis
604 3870 691 3930 istius
710 3870 790 3931 modi
808 3869 876 3931 libri
894 3870 1007 3931 nullum
1026 3871 1169 3933 indicium
1184 3866 1255 3933 est“.
1291 3871 1368 3938 Num

221 3977 312 4056 igitur
326 3993 429 4036 omnes
448 3976 540 4037 libros
555 3978 704 4038 exstitisse
723 3977 890 4058 negandum
910 3985 963 4058 est,
982 3997 1109 4058 quorum
1129 3982 1159 4040 in
1174 3998 1234 4040 uno
1254 3987 1368 4042 tantum

294 4241 319 4310 1)
340 4239 435 4295 Scribe
455 4241 609 4296 Ἰουλιανόν.

294 4333 320 4400 2)
348 4329 436 4386 Huius
465 4329 695 4386 commentationi
723 4330 812 4385 debeo
839 4329 971 4385 notitiam
997 4331 1197 4386 sententiarum
1222 4330 1369 4400 Μοροίοκί,

222 4419 305 4476 cuius·
318 4420 421 4476 librum
439 4419 510 4475 mihi
529 4435 691 4490 comparare
709 4436 765 4474 non
783 4419 870 4490 potui.
