3192 4906
589 259 750 316 normani
768 241 905 316 umorum
923 261 998 316 sats.
1319 262 1361 326 εγ

305 424 486 504 Φιλόόακρύ
511 445 579 490 πως
602 423 712 490 ἀεὶτὸ
735 428 816 504 θῆλυ
834 427 929 503 γένος
953 426 1004 490 καὶ
1026 426 1084 491 τὸν
1103 430 1183 492 νοῦν
1206 426 1250 492 εἰς
1269 425 1364 492 ἔλεον

215 531 449 612 εὐόιάθρυπτον
471 532 546 611 ἔχει.

761 655 813 720 51.

303 783 345 843 Ex
370 784 469 844 locun.
490 783 620 844 [tamese.
644 803 673 864 p.
688 780 762 845 654.
798 781 961 860 Κυρίλλου.
993 784 1112 863 nuper:
1136 781 1171 846 ἐκ
1193 785 1260 846 τῶν
1283 783 1363 847 κατὰ

213 887 396 952 Ἰουλιανοῦ.
404 884 429 970 1)

304 995 410 1059 Ποῑον
428 993 515 1059 οὕτω
538 994 648 1073 θηρίον
670 994 759 1073 ὠμὸν
782 995 833 1058 καὶ
856 993 1017 1074 ἀνήμερον
1035 994 1080 1058 ὼς
1103 994 1258 1073 όύςοργος
1281 993 1362 1076 ἀνὴρ

213 1101 264 1164 καὶ
288 1098 415 1184 ἀκράτῳ
439 1106 527 1185 θυμῷ
552 1101 823 1180 τυραννούμενος;
853 1101 931 1166 ποία
955 1102 990 1166 δὲ
1014 1100 1100 1166 οὕτω
1124 1100 1262 1167 θάλαςςα
1285 1101 1361 1181 ῥαγ-

212 1207 313 1272 δαίων
336 1207 415 1292 αὐτῇ
439 1209 686 1287 καταχεαμένων
709 1207 901 1287 πνευμάτων
929 1211 999 1272 ταῖς
1021 1210 1088 1272 τῶν
1111 1212 1239 1287 πετρῶν
1262 1209 1361 1286 ἐγκει-

212 1316 320 1393 μέναις
343 1315 546 1394 ἑρρήγνυται;
570 1317 589 1396 ἢ
609 1319 707 1380 ποῖον
726 1311 846 1398 οότωῗ)
866 1315 980 1393 πικρὸν
1000 1314 1050 1379 καὶ
1069 1313 1201 1395 ἰοβόλον
1223 1315 1362 1394 ἑρπετόν

210 1425 279 1486 τοῖς
303 1423 403 1486 πέλας
427 1422 507 1486 ἰοῦςι
530 1423 665 1500 δριμέως
687 1423 829 1504 ἐπιπηόᾷ
852 1420 897 1485 ὡς
920 1419 1001 1500 ἀνὴρ
1025 1419 1197 1486 ἀκάθεκτος
1221 1423 1271 1486 καὶ
1294 1428 1360 1502 δρι-

211 1531 268 1608 μὺς
292 1530 343 1592 καὶ
366 1528 518 1607 άχάλινος
546 1528 591 1594 εἰς
620 1527 718 1607 ὀργὰς
741 1529 793 1592 καὶ
815 1527 894 1592 ὅλας
922 1527 1029 1606 ὥςπερ
1056 1532 1103 1612 τῷ
1131 1528 1226 1594 πάθει
1254 1531 1361 1595 διδοὺς
1405 1609 1408 1622 Ι

209 1636 266 1700 τὰς
289 1635 393 1715 ἡνίας;

757 1757 808 1821 52.

298 1887 342 1948 Ex
361 1887 460 1949 loauu.
480 1886 610 1948 damasc.
630 1905 657 1966 p.
674 1879 747 1947 654.
780 1885 814 1945 ln
838 1886 969 1966 margine
988 1886 1134 1947 excidisse
1153 1886 1226 1947 mihi
1244 1886 1361 1947 videtur

209 1997 268 2057 τοῦ
292 1991 401 2056 αὐτοῦ.

298 2098 334 2162 Τί
358 2097 398 2163 ἂν
420 2099 548 2176 γένοιτο
573 2100 683 2176 χεῖρον
706 2094 817 2175 ὀργῆς;
847 2095 989 2174 ἐκθηριοῗ
1012 2095 1073 2174 γάρ
1096 2096 1154 2160 τὸν
1178 2094 1361 2181 ἄνθρωπον,

208 2205 372 2286 ἀςχήμονα
396 2205 447 2269 καὶ
469 2202 658 2283 ἀμείλικτον,
682 2201 886 2282 ἀςυναλλαγῆ
910 2202 961 2266 καὶ
984 2200 1114 2267 ἀνόςιον
1133 2201 1360 2281 ἀποφαίνουςα

209 2313 259 2376 καὶ
281 2313 321 2376 τὰ
349 2313 477 2390 μέγιςτα
504 2313 570 2374 τῶν
599 2307 730 2385 ἀγαθῶν
754 2309 851 2373 οὐδὲν
878 2309 1020 2387 ἡγεῖςθαι
1043 2306 1359 2394 παραςκευάῑουςα.3)

205 2418 312 2487 ποίων
331 2418 392 2496 γὰρ
411 2414 649 2496 ἐγχειρημάτων
664 2411 756 2499 οάχ4)
775 2414 893 2494 ἅψεται
912 2419 1065 2493 πονηρῶν
1083 2417 1102 2495 ἢ
1122 2414 1226 2480 ποίων
1244 2415 1359 2494 ἀφέξε-

207 2547 259 2589 ται
283 2524 405 2607 λόγων,
438 2522 674 2589 ἀκατεόναςτον
702 2521 788 2601 ἔχων
816 2521 861 2586 εἰς
889 2527 969 2587 νοῡν
997 2521 1058 2586 ἔςω
1085 2524 1145 2601 τὴν
1172 2522 1282 2600 φλόγα
1309 2525 1360 2588 καὶ

209 2631 356 2698 ἀναζέων
379 2631 438 2695 τόν
460 2629 574 2709 θυμόν;

299 2865 396 2926 Etiam
410 2863 511 2958 Cyrilli
525 2863 721 2944 adversarius,
739 2857 958 2924 Alexander
973 2865 1131 2942 episcopus
1145 2858 1358 2944 Hierapoli·

205 2972 320 3035 tenne
343 2971 449 3034 Iuliani
476 2970 569 3032 libros
596 2971 744 3032 refutavit.
781 2969 861 3032 Haec
889 2971 969 3030 enim
996 2978 1068 3030 sunt
1090 2968 1238 3050 Ebedjesu
1269 2971 1358 3032 verba

206 3078 387 3161 (nemmem,
418 3077 488 3140 bibl.
521 3080 626 3139 orient.
655 3074 766 3158 111,1‚
795 3096 823 3156 p.
846 3072 922 3136 197:
966 3075 1168 3156 „diomedem
1200 3075 1358 3156 episcopus

207 3186 379 3266 Hierapolis.
405 3185 570 3246 Alexander
584 3185 751 3263 composuit
765 3183 875 3246 librum
890 3182 1047 3243 solutionis
1061 3200 1207 3262 nugarum
1222 3179 1355 3244 Iuliani.“

206 3294 301 3365 Quem
329 3293 364 3354 ab
391 3291 558 3354 Alexandro
586 3309 646 3351 ιιοιι
674 3292 815 3370 scriptam
842 3308 910 3350 esse
943 3290 1071 3350 coniecit
1102 3289 1282 3350 Assemenus
1306 3289 1352 3350 λλ

205 3400 302 3460 adnot
322 3397 351 3460 2.
388 3392 534 3480 „Quid?“
556 3399 653 3476 iuquit
674 3399 723 3479 „si
745 3396 838 3458 libros
862 3396 964 3458 decem
989 3397 1083 3456 sancti
1106 3394 1206 3474 Cyrilli
1229 3395 1351 3456 Alexan·

205 3506 283 3566 drini
310 3486 452 3566 adversus
475 3504 620 3565 Iulianum
644 3522 660 3564 e
684 3502 796 3566 Gracco
824 3506 854 3565 iu
883 3502 1036 3583 Syriacum
1064 3520 1223 3563 conversos
1246 3501 1351 3564 Nesto-

204 3614 280 3672 riani
299 3611 431 3674 eiusdem
452 3610 481 3673 S.
501 3610 637 3672 Doctoris
655 3611 755 3672 hostes
774 3612 965 3672 infensissimi
982 3610 1147 3670 Alexandro
1166 3628 1220 3670 suo
1240 3628 1348 3690 suppo-

204 3712 374 3779 suerunt?“
420 3717 500 3790 Quae
534 3718 686 3778 Assemani
722 3720 868 3780 sententia
895 3717 1045 3798 probanda
1078 3735 1137 3784 non
1170 3724 1223 3778 est.
1268 3716 1348 3778 Fieri

205 3827 284 3885 enim
304 3843 364 3885 ιιοιι
383 3826 488 3905 potuit,
512 3832 545 3885 ut
559 3823 660 3905 Cyrilli
683 3823 760 3905 libri,
783 3827 835 3903 qui
854 3825 955 3885 multis
974 3824 1047 3885 locis
1065 3831 1164 3885 rectae
1184 3823 1253 3884 fidoi
1271 3823 1354 3903 uper2

205 3934 318 3992 tissime
334 3931 539 3993 demonstrent
552 3931 750 4013 defensorem,
769 3934 797 3992 ei
815 3939 1066 4013 supponerentur,
1084 3932 1135 4009 qui
1154 3939 1217 3992 toto
1232 3939 1353 4010 pectore

172 4125 174 4128 ’
276 4121 302 4188 1)
323 4122 471 4175 ’λοιιλιανοθ
490 4119 595 4189 scripsi.
615 4121 763 4174 Ἰουλιανόν
781 4119 882 4190 Rupes.

275 4211 302 4276 2)
323 4210 399 4264 οὕτω
418 4208 524 4278 scripsi.
543 4209 635 4262 οὕτως
653 4207 785 4277 Loquien.

275 4299 302 4364 3)
321 4297 565 4365 παραςκευάζουςα
583 4295 689 4366 scripsi.
708 4298 961 4364 παραςκευάζουςαι
979 4296 1112 4367 Loquien.

273 4387 301 4454 4)
320 4387 372 4452 οὐχ
391 4385 498 4455 scripsi.
518 4386 569 4439 οὐκ
588 4386 720 4454 [requiem
942 4373 950 4386 ’
