3192 4906
549 327 592 383 De
610 327 712 383 Iulieui
730 325 809 383 libris
827 326 1016 383 restituendis.
1302 327 1364 391 109

211 489 331 586 αόεμου
354 490 472 556 τούτου
496 496 690 571 δημιουργοῦ
718 491 824 557 πάντα
852 491 1068 570 διειλεγμένοι
1091 488 1240 569 φαίνεται
1266 491 1362 555 Μωυ-

124 615 127 618 ·
212 603 267 678 εῆ(
290 596 352 662 κτὲ.
394 601 528 682 Reliquis
552 610 651 663 autem
679 603 837 682 fragmenti
860 599 935 662 960
951 619 993 680 sq.
1019 599 1116 661 verbis
1140 618 1208 662 cum
1231 598 1363 661 lulianus

212 711 252 769 sit
276 720 459 789 conquestus
478 709 589 770 Mosam
613 710 649 771 de
673 709 845 789 angelorum
865 711 1015 771 creatione
1039 707 1081 769 nil
1099 709 1262 788 nuntiasse,
1285 725 1362 768 com·

211 816 372 895 parandam
397 835 463 877 esse
491 817 565 881 dixit
587 816 717 877 Platonis
741 817 906 878 doctrinam
930 816 1096 895 fragmento
1118 811 1195 876 aen
1210 833 1288 894 sqq:
1312 812 1362 876 ἐν·

211 923 315 985 ταῡθα
342 919 592 1001 παραβάλωμεν,
625 921 652 985 εἰ
682 920 844 1001 βούλεεθε,
877 919 917 984 τὰ
947 924 1006 984 τοῦ
1033 917 1221 984 Πλάτωνος.
1267 922 1363 1000 Atque

213 1030 440 1107 argumentandi
470 1030 604 1091 ordinem
633 1049 701 1091 eum
729 1029 791 1091 vult
813 1028 944 1091 lulianus
973 1047 1053 1109 esse,
1080 1036 1114 1089 ut
1137 1031 1266 1108 primum
1294 1048 1372 1095 con·¹

212 1135 349 1196 serantur
368 1153 442 1216 quae
462 1135 560 1196 Moses
580 1144 609 1196 et
628 1134 710 1196 Plato
730 1135 765 1196 de
785 1135 888 1197 mundi
906 1137 1057 1196 creatione
1076 1137 1257 1197 censuerint.
1287 1136 1362 1196 Alle-

212 1249 323 1302 runtur
345 1244 437 1322 igitur
460 1245 602 1303 continuo
626 1249 656 1302 et
679 1243 886 1322 vituperantur
909 1241 999 1302 llosls
1023 1240 1122 1323 verba,
1144 1241 1213 1302 dein
1232 1241 1363 1303 Platonis

212 1346 372 1408 laudantur
395 1365 431 1408 eo
455 1348 533 1427 quod
558 1357 695 1409 secutum
718 1366 784 1408 esse
807 1358 905 1409 statuo
929 1347 1094 1427 fragmento
1117 1344 1192 1410 5713
1208 1367 1265 1427 sq.:
1287 1343 1306 1408 ὅ
1325 1365 1362 1421 γε

211 1453 276 1530 μὴν
297 1451 440 1516 Πλάτων
464 1450 559 1517 ἄκουε
583 1453 657 1530 περὶ
678 1456 738 1516 τοῦ
761 1451 878 1530 κόεμου
901 1451 931 1516 τί
954 1471 1058 1531 φηειν.
1101 1453 1186 1525 Quod
1214 1458 1364 1535 integrum

170 1616 172 1620 .
211 1561 300 1622 nobis
319 1580 378 1624 non
399 1571 547 1623 serratum
567 1579 633 1622 esse
653 1561 850 1642 Spanlremius
870 1580 905 1622 eo
925 1563 1078 1644 indicavit,
1101 1561 1180 1641 quod
1200 1561 1256 1622 alio
1276 1561 1364 1622 modo

211 1669 408 1748 imprimenda
428 1671 542 1730 curavit
560 1667 649 1730 rerba
668 1667 720 1730 καὶ
740 1665 811 1744 μεθ’
830 1666 924 1745 ἕτερα
947 1671 997 1751 ita,
1020 1671 1055 1729 ut
1073 1666 1173 1747 (lyrilli
1191 1687 1257 1730 esse
1277 1687 1364 1749 appa·

211 1783 304 1834 reret.
340 1773 372 1833 ld
396 1775 474 1854 quod
500 1793 554 1836 suo
578 1777 643 1836 lure
667 1776 747 1836 lecit.
784 1776 857 1835 Nam
881 1774 970 1836 verba
993 1771 1100 1836 πάντα
1118 1773 1155 1836 δὲ
1174 1773 1364 1838 τὰτοιαῦτα

212 1913 255 1924 -
281 1875 352 1956 μετ’
370 1878 540 1959 αἰεθήεεωε
564 1901 652 1944 sensu
679 1885 799 1949 omniuo
823 1891 940 1964 cerem,
962 1885 1019 1943 nisi
1038 1881 1166 1943 adicitur
1188 1879 1363 1958 γιγνόμενα

210 1984 266 2047 καὶ
286 1985 426 2064 γεννητὰ
444 1985 558 2066 ἐφάνη.
595 1990 699 2070 Neque
724 2000 821 2050 tamen
845 1989 912 2050 ideo
934 1990 1085 2070 putandus
1109 1997 1155 2050 est
1178 1988 1309 2050 lulianus
1332 1991 1364 2049 in

98 2164 101 2168 ,
212 2093 344 2155 medium
367 2096 528 2174 protulisse
551 2099 648 2158 omnia
671 2097 803 2159 Platonis
827 2097 925 2180 verba,
950 2116 1025 2177 quae
1049 2104 1166 2159 exstant
1188 2099 1220 2157 in
1242 2097 1363 2157 Timaeo

211 2219 242 2280 p.
257 2197 333 2262 2813
350 2235 387 2244 -
406 2199 497 2284 3013,
524 2204 577 2264 sed
606 2204 710 2265 eodem
739 2203 826 2266 modo
854 2204 997 2284 quaedam
1025 2206 1174 2286 omisisse,
1210 2212 1243 2265 ut
1275 2222 1365 2285 supra

177 2340 180 2343 -
216 2309 249 2366 in
273 2307 368 2369 allatis
387 2307 478 2370 llosis
496 2309 603 2372 verbis.
640 2310 672 2371 ld
692 2309 770 2390 quod
789 2310 1023 2373 luculentissime
1043 2311 1111 2372 inde
1131 2318 1261 2392 apparat,
1285 2309 1363 2389 quod
1462 2300 1464 2304 ’

212 2432 243 2493 p.
263 2409 346 2474 291)
374 2413 486 2477 Timaei
515 2417 609 2477 oratio
638 2415 770 2478 Socratis
796 2416 973 2496 quibusdam
1002 2417 1100 2479 verbis
1127 2419 1364 2495 interrumpitur.

215 2519 319 2600 Neque
343 2515 443 2583 tamen
466 2541 646 2602 cognoscere
670 2541 838 2604 possumus,
862 2543 936 2604 quae
961 2527 1108 2606 posuerit,
1132 2542 1206 2604 quae
1232 2525 1365 2584 omiserit

105 2612 114 2629 ’
215 2627 355 2691 lulianus.
393 2627 465 2690 Post
487 2624 561 2705 μεθ’
580 2625 674 2706 ἕτερα
689 2639 796 2692 antem
820 2649 907 2691 voces
927 2627 1030 2693 οὕτω(
1050 2628 1109 2692 οὖν
1132 2633 1163 2692 in
1187 2627 1214 2692 εἰ
1239 2632 1364 2691 sortasse

214 2753 275 2796 non
298 2735 447 2817 librarius,
463 2735 522 2796 'sed
541 2735 668 2815 Cyrillus
692 2740 822 2799 mutavit.
865 2737 925 2798 lam
948 2755 1019 2798 vero
1039 2739 1216 2818 comparatis
1240 2755 1315 2816 quae
1334 2738 1365 2796 in

214 2843 388 2902 ticinensum
412 2841 509 2902 Moses
533 2850 563 2902 et
586 2842 668 2904 Plato
692 2843 728 2904 de
752 2844 856 2904 mundi
880 2847 1029 2906 creatione
1053 2845 1266 2924 disserueram,
1289 2845 1364 2921 frag·

215 2957 316 3011 mento
340 2945 382 3010 57
394 2948 418 3008 Ε
434 2968 498 3029 sqq.
521 2951 718 3012 conferuntur
741 2969 788 3032 ea,
809 2936 888 3031 *quae
913 2952 955 3012 de·
973 2937 1101 3012 hominis
1125 2952 1274 3012 creatione
1297 2966 1365 3029 pro·

215 3059 433 3118 nuntiaverant.
469 3057 752 3136 Allerunturllosis
775 3056 864 3121 verba
888 3067 918 3120 et
936 3057 1067 3120 Platonis
1085 3053 1161 3118 57ss
1177 3075 1241 3136 sqq.
1278 3054 1364 3115 lntri·

215 3173 281 3226 cata
295 3174 393 3227 autem
408 3148 540 3226 Platonis
554 3163 643 3225 rerba
658 3166 873 3245 interpretatur
883 3164 1015 3227 lulianus
1030 3164 1196 3242 fragmento
1206 3158 1279 3224 65s
1289 3180 1368 3241 sqq,

214 3271 246 3333 id
265 3272 344 3352 quod
365 3291 432 3334 curn
452 3290 556 3352 perse
576 3274 634 3332 iam
653 3274 693 3333 sit
710 3273 911 3354 perspicuum,
931 3273 1019 3333 etiam
1034 3269 1134 3350 Cyrilli
1153 3268 1251 3329 verbis
1270 3269 1365 3328 llrma-

215 3389 267 3444 tur
289 3398 318 3459 p.
332 3375 432 3441 eet:
455 3376 506 3441 καὶ
529 3379 723 3455 διατρανοῦν
745 3378 903 3455 πειρᾶται,
927 3374 1070 3453 καθάπερ
1094 3372 1153 3437 οὖν
1177 3371 1289 3451 οἴεται,
1313 3391 1365 3434 εα-

215 3479 326 3567 quest)
348 3485 388 3562 ἣν
412 3483 447 3546 ἐκ
465 3481 640 3560 προεώπου
659 3485 735 3547 θεοῦ
755 3480 944 3561 πεποιῆεθαί
968 3501 1043 3560 φηει
1062 3478 1258 3560 δημηγορίαν
1279 3477 1367 3562 αὐτῷ

183 3586 272 3676 ⁸(sc.
296 3593 342 3672 τῷ
365 3585 570 3674 Πλάτωνά.)

306 3697 437 3760 lulianus
460 3698 496 3759 ad
525 3699 614 3758 linem
642 3716 710 3759 cum
733 3700 922 3778 perduxisset
948 3698 1079 3758 Platonis
1106 3714 1140 3756 ac
1162 3696 1253 3757 Musis
1281 3695 1376 3770 colla,

216 3807 343 3886 tionem,
367 3823 447 3866 nunc
470 3823 505 3866 ea
529 3806 679 3887 repetivit,
702 3822 777 3883 quae
801 3805 839 3884 lg.
853 3802 929 3866 960
945 3823 1008 3885 sqq.
1031 3805 1147 3866 dixerat
1169 3812 1199 3864 et
1226 3806 1262 3864 iis
1290 3823 1365 3882 qnae

216 3911 420 3992 sequebantur
439 3913 612 3991 fragmentis
631 3919 817 3992 exposuerat,
835 3909 934 3972 verbis
948 3912 995 3971 liis
1010 3912 1047 3990 lg.
1061 3907 1137 3970 99l]
1152 3928 1229 3989 sqq:
1248 3906 1367 3970 οὐκοῦν

217 4015 393 4095 ἐάειδήπερ
413 4016 489 4080 οὐδὲ
508 4017 580 4095 περὶ
598 4019 657 4079 τοῦ
675 4018 853 4094 προεεχοῦ(
871 4018 930 4078 τοῦ
947 4012 1063 4092 κόεμου
1082 4013 1200 4077 τούτου
1219 4017 1366 4092 δημιουρ-

217 4127 281 4200 γοῦ
303 4121 409 4188 πάντα
429 4123 644 4202 διειλεγμένοε
664 4123 801 4200 Μωυεῆε
819 4121 981 4201 φαίνεται,
1005 4123 1064 4202 τήν
1086 4142 1121 4187 τε
1139 4119 1294 4201 Ἐβραίων
1316 4119 1367 4184 καὶ

295 4283 320 4348 t)
341 4278 628 4348 sopettassero.
650 4285 708 4332 123.
731 4276 894 4348 ‘supienter'
915 4278 1007 4334 Oecol.
1027 4283 1123 4346 εαφιῑιε
1141 4276 1246 4346 scripsi.

291 4374 318 4438 ν)
336 4370 408 4424 Anb.
432 4369 487 4424 adi.
512 4369 598 4423 ve'rba
621 4367 666 4422 rol
684 4385 779 4436 φηειν,
804 4365 911 4422 Oecol.:
937 4368 982 4422 ‘et
1000 4364 1097 4433 dieit’,
1120 4383 1191 4434 quae
1215 4366 1316 4421 desunt
1338 4367 1366 4419 in

217 4457 304 4516 Mare.
326 4463 385 4512 123.
674 4545 678 4552 ¹
713 4503 716 4508 .
739 4473 985 4607 :TYN

909 4803 915 4817 ι
938 4692 942 4700 Ι
961 4698 990 4803 ἸΙΙ
