3194 4904
620 245 662 299 De
681 243 783 298 Iuliani
802 243 935 299 librorum
953 245 1027 299 fatis.
1166 291 1168 296 .
1354 247 1396 310 23

250 422 294 474 est
309 413 471 493 Seleuciae,
490 412 618 472 eflicitur
638 429 673 471 eo
692 419 825 490 tempore
844 413 989 489 integram
1009 413 1099 474 luisse
1120 415 1208 474 etiam
1223 413 1395 494 Ctesiphon-

249 529 321 602 tem,
349 538 437 600 quam
465 539 545 581 nuno
573 517 780 580 contendimus
808 526 859 579 aut
887 528 1014 581 exeunte
1042 538 1118 579 auno
1146 518 1213 581 410
1241 530 1291 582 aut
1319 540 1395 582 anno

248 624 311 688 411
343 623 477 688 111412
504 633 645 686 vastatam
674 643 748 687 esse.
785 624 888 703 Neque
917 628 996 686 enim
1023 628 1182 705 quicquam
1210 636 1395 707 compertum

247 734 391 794 babemus
419 733 455 793 de
480 732 572 793 altero
600 731 678 792 bello
706 734 848 793 intestino
876 734 913 793 iis
936 733 1120 812 temporibus
1149 742 1265 814 coorto,
1294 753 1394 813 quam-

248 859 336 920 quam
354 859 414 900 non
432 843 472 900 ita
491 841 575 901 tenui
588 856 692 900 eorum
711 848 879 918 temporum
894 839 996 899 notitia
1016 840 1155 901 instructi
1174 859 1285 902 sumus.
1316 840 1394 921 Ergo

248 950 367 1028 scripsit
390 947 536 1007 Macarius
563 945 655 1007 libros
683 965 754 1007 suos
781 954 848 1025 post
876 943 1082 1008 1111111410.
1124 947 1268 1009 Nemanet
1295 957 1395 1009 autem

247 1055 404 1120 difficultas
428 1072 475 1135 ea,
498 1053 577 1133 quod
601 1071 633 1114 re
655 1071 722 1114 vcra
746 1071 814 1114 eum
833 1052 870 1114 de
893 1060 993 1114 vetere
1012 1053 1160 1134 Babylone
1183 1055 1272 1116 verba
1296 1057 1394 1116 lacere

248 1181 284 1222 cx
312 1161 512 1241 descriptione
540 1160 624 1222 urbis
652 1168 781 1240 apparet.
826 1159 870 1222 Eo
902 1162 994 1239 igitur
1025 1163 1056 1221 in
1084 1179 1217 1222 errorem
1244 1163 1394 1245 inductus,

247 1269 326 1348 quod
343 1266 502 1348 Ctesiphon
523 1276 594 1328 tunc
613 1269 784 1347 saepissime
804 1265 954 1328 diceretur
972 1267 1115 1350 Babylon,
1134 1289 1166 1330 re
1187 1289 1255 1329 vera
1274 1279 1393 1348 putasse

247 1375 413 1436 censendus
441 1384 487 1436 est
514 1373 692 1455 Babylonem
721 1381 793 1434 tunc
826 1381 966 1434 vastatam
995 1393 1069 1435 esse.
1112 1376 1197 1446 Quod
1226 1386 1325 1438 autem
1353 1379 1393 1438 ita

247 1501 347 1543 errare
375 1501 413 1542 ne
443 1485 468 1542 is
497 1483 616 1561 quidem
644 1481 755 1562 potuit,
784 1483 834 1558 qui
861 1483 891 1541 in
917 1480 1000 1560 Syria
1028 1484 1117 1542 vitam
1141 1483 1276 1564 degeret,
1305 1486 1392 1552 etiam

246 1607 281 1650 eo
305 1590 452 1650 refutatur
471 1588 632 1650 llucbesnii
656 1589 839 1668 coniectura,
863 1606 950 1666 quam
970 1587 1098 1650 Zabnius
1122 1588 1139 1650 l.
1158 1590 1175 1650 l.
1200 1586 1393 1668 ρ.45211111

247 1697 412 1777 redarguit,
445 1694 655 1776 comprobatur
687 1694 842 1773 Lequienii
872 1698 1018 1759 sententia
1051 1715 1066 1756 a
1094 1696 1234 1757 Moellero
1267 1706 1297 1759 et
1329 1701 1393 1778 ipso

246 1803 356 1863 Zabnio
375 1811 504 1884 accepta,
525 1804 615 1864 luisse
630 1802 789 1862 Macarium
805 1803 976 1880 episcopum
991 1802 1155 1881 Magnesiae
1170 1822 1263 1883 prope
1278 1804 1391 1928 blacan-

245 1909 332 1972 drum
356 1912 438 1971 sitae
1088 1950 1124 2044 ί
1141 1971 1225 2032 U
1373 1903 1530 2012 1111541

1088 2066 1249 2120 w„
1214 1988 1272 2098 4]
1258 2064 1324 2140 cp,
1318 1954 1394 2092 41411111
1419 2029 1478 2128 ,sqq

334 2132 1425 2222 lamrerodestudiislulianeis'PbeodorlMopsuestenlogamus.
1459 2155 1476 2197 1
1487 2157 1568 2237 ,q',

247 2250 379 2320 Quorum
394 2250 609 2309 accuratiorem
628 2249 761 2308 notitiam
780 2249 909 2308 assecuti
932 2256 1002 2308 sunt
1021 2250 1075 2308 viri
1097 2248 1176 2310 docti
1199 2269 1275 2310 auno
1298 2249 1392 2332 1188,

245 2375 303 2435 quo
331 2355 501 2415 Fridericus
524 2354 732 2415 Muenterus
724 2373 755 2415 m
782 2354 850 2414 libri
874 2357 925 2433 qul
954 2354 1166 2417 inscribiturf
1152 2357 1314 2435 fragmenta
1341 2377 1391 2437 ρο,-

245 2473 324 2524 trum
357 2462 539 2522 Graecorum
573 2459 713 2521 fasciculo
745 2463 841 2540 primo
868 2461 991 2522 llalniae
1020 2461 1098 2523 edito
1130 2483 1158 2542 p.
1184 2460 1224 2523 12
1244 2481 1309 2542 sqq.
1339 2483 1390 2524 ser
1469 2503 1482 2520 .

244 2571 336 2632 edidit
354 2569 502 2645 Theodori
526 2569 689 2647 fragmenta
709 2587 782 2647 quae
806 2571 1022 2647 „exscripserat
1045 2571 1075 2629 iu
1097 2568 1275 2630 bibliotheca
1294 2570 1390 2631 Corsi·

243 2680 330 2738 niana
352 2676 461 2738 Romae
487 2695 521 2735 ex
546 2675 713 2755 apographo
737 2676 792 2735 riri
815 2674 968 2736 cuiusdam
993 2676 1087 2756 docti,
1116 2694 1203 2754 quem
1226 2676 1389 2756 Fogginum

243 2785 335 2844 luisse
359 2785 540 2863 suspicatur,
564 2790 679 2861 sumpta
702 2800 737 2841 ex
762 2782 864 2842 codice
883 2781 1014 2843 Palatino
1035 2780 1088 2841 XX
1112 2790 1245 2843 catenam
1268 2783 1389 2845 Petrum

241 2892 272 2950 in
291 2889 400 2950 Lucam
425 2882 608 2950 exhibente“.
641 2889 796 2968 deprimo
817 2888 936 2967 quidem
956 2890 1120 2968 fragmento
1138 2893 1299 2969 praemissa
1320 2900 1389 2952 suut

242 2996 331 3057 verba
354 2997 440 3057 baec:
464 2993 637 3072 Θεοδώρου
663 2994 888 3071 Μοψουεετίαε
911 2994 947 3057 ἐκ
969 2999 1025 3072 τῆ(
1048 2994 1129 3071 πρὸ(
1152 2994 1191 3057 τὰ
1214 2995 1293 3058 κατὰ
1318 2996 1389 3074 Χρι-

242 3105 378 3164 (τιανῶν
396 3100 586 3179 κατηγορία(
601 3097 808 3184 Ἰοολιάνου1)
827 3105 885 3163 τοῦ
905 3098 1100 3178 παραβάτου.
1129 3101 1153 3161 Ε
1168 3102 1277 3182 qulbus
1293 3105 1390 3164 ellecit

242 3210 415 3271 Muenterus
442 3213 597 3289 scripsisse
626 3208 816 3269 Theodorum
844 3208 1085 3288 Mopsuesteuum
1115 3218 1216 3268 contra
1244 3208 1389 3270 lulianum

241 3317 365 3399 librum,
395 3319 446 3396 qui
469 3319 631 3395 inscriptus
660 3325 739 3378 esset
763 3313 936 3392 Θεοδώρου
962 3313 1186 3391 Μοψουεετίαε
1216 3313 1389 3392 κατηγορία

243 3422 323 3499 πρὸ(
346 3422 386 3485 τὰ
412 3421 492 3484 κατὰ
512 3422 706 3500 Χριετιανῶν
730 3416 935 3507 Ἰουλιάνοο1)
964 3425 1022 3483 τοῦ
1045 3419 1240 3500 παραβάτου.
1287 3423 1389 3502 Neque

246 3538 343 3592 tamen
362 3533 403 3591 ita
420 3530 543 3591 inscribi
561 3533 666 3610 potuit.
703 3530 806 3608 Neque
827 3532 904 3590 enim
924 3532 1105 3590 accusationi
1123 3529 1215 3604 locus
1240 3531 1291 3590 sed
1311 3531 1389 3591 relu-

245 3640 354 3698 tationc
379 3656 453 3717 opus
482 3646 553 3698 crat.
590 3637 676 3707 Quod
704 3645 802 3697 eutem
833 3638 951 3697 maximi
979 3638 1121 3697 momenti
1148 3645 1207 3697 est:
1235 3655 1294 3697 non
1322 3655 1389 3715 per·

244 3747 365 3804 mittunt
391 3743 508 3822 liuguae
532 3743 666 3804 Graecae¹
684 3746 834 3824 rationes,
863 3753 897 3803 ut
924 3746 1142 3821 coniungantur
1168 3762 1256 3803 uoces
1286 3745 1326 3802 ita
1355 3750 1388 3803 ut

244 3851 336 3911 voluit
358 3850 540 3912 Muenterus.
567 3850 732 3910 ·Concedet
760 3857 859 3910 aulem
886 3852 1091 3928 unusquisque
1120 3857 1294 3929 corruptum
1323 3868 1399 3909 esse·
1590 3915 1592 3934 ἱ

245 3958 342 4018 locum
366 3976 463 4036 neque
487 3957 605 4036 negabit
632 3957 781 4017 lenissima
812 3959 973 4020 mutatione
998 3956 1187 4017 scribendum
1215 3976 1280 4016 esse
1309 3955 1389 4032 πρὸ(
1586 3971 1591 4059 q

1585 4091 1590 4159 1Ι

244 4062 309 4126 τὰ(
337 4062 418 4125 κατὰ
447 4063 641 4139 Χριετιανῶν
668 4060 866 4139 κατηγορίας.
908 4063 996 4152 :lunc
1025 4082 1094 4124 sane
1123 4065 1207 4124 deest
1234 4066 1388 4143 genetivus

314 4293 341 4368 1)
361 4290 455 4346 Scribe
475 4292 629 4344 Ἰουλιανοί).

315 4384 341 4448 2)
362 4379 402 4435 01.
422 4394 493 4448 quse
512 4395 594 4448 supra
613 4377 753 4434 adnotavi.
