3192 4906
539 329 581 385 De
600 329 703 384 Iuliani
720 331 799 385 libris
817 330 1004 385 restituendis.
1284 329 1346 394 131

201 516 327 559 numero
342 496 483 576 Cyrillum
503 496 662 557 collocasse
679 495 789 558 Christi
807 496 897 558 verba
910 496 981 558 Luc.
997 494 1049 578 23,
1064 494 1120 558 34:
1139 493 1248 575 πάτερ,
1267 492 1350 572 ἄφεε

203 603 325 682 αὐτοῖο,
350 583 473 679 οὐγὰρ
497 598 598 665 οίδαει
626 600 654 664 τί
678 605 830 664 ποιοῦειν.
872 603 951 682 Ergo
980 603 1103 664 molesta
1127 613 1211 665 erant
1234 604 1350 684 Cyrillo‚

201 715 241 773 ita
267 709 442 773 statuendus
466 717 512 769 est
530 709 660 770 lulianus
684 728 717 770 ea
741 712 770 770 in
790 729 879 770 usum
903 729 991 770 suum
1010 711 1181 794 contulisse}
1203 720 1246 791 ut,
1269 714 1295 771 si
1318 731 1350 771 re

203 837 272 879 vera
295 837 311 878 a
335 817 452 878 Christo
477 825 561 877 erant
584 815 674 897 diota,
703 817 873 877 efficeretur
900 817 968 877 inde
993 817 1102 878 Christi
1130 817 1281 879 doctrinae
1306 836 1351 877 re·

202 943 335 1006 pugnare
356 943 460 985 eorum
479 925 530 1002 qui
548 922 654 983 Iuliani
675 923 861 1002 temporibus
885 925 1007 984 luerunt
1026 924 1262 986 Christianorum
1287 944 1351 985 sen·

202 1035 335 1094 tentiam.
373 1031 433 1090 lam
452 1048 523 1090 vero
543 1029 652 1090 Christi
670 1030 760 1091 rerha
779 1029 850 1092 Luc.
865 1028 918 1112 23,
933 1028 976 1092 34
995 1030 1031 1091 ad
1050 1051 1102 1092 eos
1120 1034 1280 1112 pertinent,
1301 1034 1352 1110 qui

203 1141 288 1199 cruci
315 1129 413 1217 ipsum
443 1137 609 1196 aflixerunt.
656 1135 740 1206 Quod
769 1139 794 1197 si
823 1157 902 1198 nuno
930 1146 1098 1217 spectamus
1122 1139 1296 1199 Oecumenii
1325 1147 1354 1200 et

202 1246 332 1307 Arethae
355 1243 458 1305 verba:
486 1240 526 1304 οὐ
556 1239 657 1318 μόνον
679 1241 741 1318 γὰρ
768 1241 799 1304 οἱ
827 1243 928 1306 πιετοὶ
952 1244 1109 1322 διέφυγον
1135 1244 1194 1307 τὸν
1217 1241 1354 1322 ὄλεθρον

202 1353 263 1414 τὸν
286 1350 350 1413 ὑπὸ
372 1348 548 1426 Ῥωμαίων,
573 1346 729 1411 ἀλλὰκαὶ
753 1347 783 1411 οἱ
807 1349 843 1412 ἐν
866 1347 980 1432 ἀγνοίᾳ
1004 1355 1049 1434 τῷ
1074 1355 1197 1434 εταυρῷ
1220 1355 1278 1414 τοῦ
1301 1373 1353 1414 κυ-

204 1457 276 1537 ρίου
297 1454 526 1535 ευνηργηκότεε
545 1454 615 1533 κτὲ.,
640 1466 670 1517 et
688 1465 833 1520 extrema:
857 1455 932 1520 ἀλλ’
957 1457 1125 1524 είέκεῖνοε
1145 1458 1257 1537 οὕτωε,
1279 1459 1355 1537 ἡμῖν

202 1564 244 1628 οὐ
265 1568 361 1627 τοῦτο
380 1567 481 1626 δοκεῖ·
504 1560 553 1625 ὅτι
572 1562 650 1640 μηδὲ
674 1559 792 1625 πάντεε
815 1550 846 1625 oi
865 1563 1024 1642 παρόντε(
1043 1563 1188 1629 Ἰουδαῖοι
1207 1570 1263 1643 τῆς
1283 1563 1355 1628 τόλ-

203 1693 265 1752 μηε
283 1676 349 1735 τῶν
368 1669 544 1749 ἀρχιερέων
562 1667 766 1748 ἐκοινώνουν,
786 1670 842 1732 οὓ(
862 1669 985 1734 πάντα(
1005 1671 1088 1735 εἰκόε
1105 1672 1237 1750 ὕετερον
1256 1692 1355 1750 (φρα-

202 1783 349 1857 γιεθῆναι
366 1783 405 1860 τῇ
420 1775 519 1839 πίετει
533 1775 604 1854 κτὲ.,
623 1797 703 1838 nuno
719 1777 819 1858 Cyrilli
838 1783 1035 1859 perspicimus
1051 1781 1215 1842 consilium.
1245 1780 1355 1841 Notum

204 1898 254 1948 est
277 1887 459 1948 Christianos
489 1893 658 1946 autumasse
688 1904 791 1946 omnes
814 1885 952 1968 ludaeos,
980 1889 1060 1966 quod
1082 1888 1180 1949 lesum
1204 1886 1355 1948 Christum

204 1997 292 2057 cruci
310 1995 481 2068 affixissent
501 1992 729 2054 condemnatum
748 1995 786 2054 iri
805 2001 835 2053 et
853 1995 911 2054 iam
929 2013 994 2056 esse
1010 1995 1229 2056 condemnatos,
1262 1993 1355 2064 Quam

204 2105 385 2163 sententiam
410 2119 575 2180 repugnare
599 2099 705 2179 procul
728 2099 818 2160 duhio
842 2100 957 2163 dixerat
979 2101 1111 2163 lulianus
1134 2104 1228 2182 ipsius
1246 2099 1356 2160 Christi

203 2206 322 2270 verbis:
344 2203 455 2284 πάτερ,
479 2201 561 2282 ἄφεε
584 2202 706 2284 αὐτοῖο,
735 2203 773 2267 οὐ
797 2205 858 2284 γὰρ
882 2203 996 2286 οίδαει,
1024 2206 1053 2269 τί
1077 2210 1229 2271 ποιοῦειν.
1272 2205 1357 2277 Quod

191 2322 358 2394 apostatae
383 2321 591 2393 argumentum
614 2312 750 2397 refellere
774 2333 833 2375 non
857 2318 955 2395 potuit
978 2315 1105 2396 Cyrillus
1129 2318 1186 2376 nisi
1210 2334 1255 2397 eo,
1278 2313 1356 2395 quod

204 2422 385 2502 interpolata
410 2439 475 2481 esse
505 2420 553 2480 illa
582 2419 672 2480 verha
696 2421 856 2482 contendit.
904 2422 986 2501 Quae
1012 2425 1111 2485 omisit
1135 2425 1223 2484 etiam
1248 2420 1358 2482 codicis

206 2531 344 2590 Sinaitioi
368 2536 521 2589 corrector
546 2521 603 2608 (⁸⁸
626 2527 705 2606 apud
728 2525 1010 2614 Tischendorlium).

758 2686 808 2750 10.

301 2797 514 2877 Cognosoimus
538 2813 574 2854 ex
600 2794 764 2872 fragmento
791 2791 841 2854 14.
879 2798 1120 2859 animadvertisse
1144 2797 1289 2858 lulianum
1313 2816 1359 2856 re-

206 2925 343 2988 pugnare
371 2903 473 2966 Matth.
492 2899 550 2983 27,
573 2897 617 2961 34
646 2896 771 2963 ἔδωκαν
799 2898 886 2983 αὐτῷ
915 2905 1000 2965 πιεῖν
1027 2900 1119 2965 οἶνον
1151 2901 1230 2978 μετὰ
1261 2903 1359 2978 χολῆε

208 3011 406 3090 μεμιγμένον
423 3008 523 3069 Marco
540 3006 590 3099 15,
605 3007 648 3070 23
672 3007 723 3069 καὶ
742 3005 871 3071 ἐδίδουν
890 3006 980 3090 αὐτῷ
997 3008 1240 3087 ἐεμυρνιεμένον
1259 3005 1359 3070 οἶνον.

207 3119 294 3180 Idem
318 3127 495 3198 exposuerat
518 3117 712 3197 philosophus
735 3115 919 3184 Macariapus
942 3117 982 3176 lll
1005 3115 1044 3178 12
1067 3136 1095 3196 p.
1115 3113 1167 3177 20.

655 3387 705 3447 Ex
727 3388 806 3447 libro
828 3385 917 3448 XIV.

762 3526 812 3590 11.

303 3653 354 3734 Fg.
380 3651 419 3714 17
449 3652 575 3732 Cyrillus
603 3647 733 3714 ‘iacebat
761 3648 855 3713 enim’
888 3656 985 3734 inquit
1013 3649 1058 3715 ‘in
1087 3652 1224 3733 sepulcro
1252 3671 1363 3732 corpus
1390 3663 1393 3671 '

211 3769 352 3822 sanetum
379 3768 531 3821 mortuum
559 3768 589 3820 et
621 3763 686 3821 sine
713 3756 834 3824 anima'.
881 3760 1018 3822 Fortasse
1051 3762 1142 3839 igitur
1169 3760 1364 3822 contenderat

211 3867 347 3928 lulianus
371 3866 523 3929 Christum
547 3869 574 3928 si
597 3886 629 3928 re
652 3886 722 3928 vera
745 3869 973 3948 resurrexisset,
1003 3875 1154 3928 mortuum
1177 3885 1238 3926 non
1262 3867 1363 3946 luisse,

211 3972 269 4035 sed
292 3976 388 4034 risum
411 3992 485 4036 esse.

306 4171 450 4252 Exposuit
467 4171 598 4232 lulianus
617 4189 784 4251 repugnare
802 4169 903 4231 Matth.
923 4166 975 4250 28,
994 4167 1010 4228 1
1032 4169 1129 4230 Marco
1147 4167 1196 4250 16,
1212 4167 1245 4250 2,
1263 4168 1364 4236 Matth.

211 4276 270 4360 28,
289 4276 310 4339 2
337 4278 437 4338 Marco
459 4275 508 4360 16,
527 4274 562 4360 53
589 4277 689 4338 Matth.
710 4274 765 4358 28,
785 4275 804 4337 8
828 4275 926 4335 Marco
948 4272 1003 4357 16,
1022 4274 1050 4336 8.
1089 4275 1131 4336 Cl.
1151 4274 1251 4355 Cyrilli
1269 4275 1306 4353 fg.
1324 4272 1364 4335 18

210 4387 292 4467 init,
314 4384 366 4446 uhi
389 4384 426 4445 de
449 4381 554 4445 luliani
577 4386 723 4445 sententia
746 4385 850 4462 agitur.
1312 4383 1314 4388 ’

685 4543 811 4548 „m
1116 4533 1152 4585 9,,
