3192 4906
559 247 600 306 De
619 246 717 305 Iuliani
737 247 816 304 libris
833 245 1022 304 restituendis.
1301 242 1362 310 113

221 416 300 476 serre
315 424 371 477 etc.
404 415 464 477 Iam
479 436 549 477 vero
564 416 669 478 Iuliani
689 419 895 497 fragmentum,
915 415 993 494 quod
1012 416 1129 506 initium
1146 417 1253 494 capita
1273 413 1363 474 verbo

219 521 362 609 οὐδαμοῦ
382 526 430 584 'ita
458 543 517 584 uon
551 527 635 603 sequi
663 543 750 604 posse
779 523 816 602 ig.
838 519 940 584 159u
969 525 1174 601 unusquisque
1203 520 1364 600 intelleget.

219 631 275 692 Sed
308 650 366 710 qua
393 634 507 692 ratione
535 631 663 692 tollenda
692 639 737 692 est
765 625 944 690 difficultas?
988 628 1045 688 Ubi
1073 631 1210 709 exposuit
1238 628 1365 707 Cprilms

219 737 292 796 saiso
312 738 434 798 credere
450 737 595 799 Iulianum
615 738 842 817 suppositicium
856 735 1040 796 Christianos
1054 735 1177 795 adorare
1196 735 1244 796 dei
1263 735 1365 816 filiurn,

218 862 246 922 p.
263 841 359 906 16οΒ
388 841 585 906 ςυναςπίζων
608 843 657 919 δὲ,
686 845 796 924 inquit,
824 844 991 918 πανταχοῦ
1014 844 1083 904 τοῖς
1105 843 1164 902 τοῦ
1186 839 1365 904 Πλάτωνος

219 944 359 1033 λόγοιςῑ)
388 949 440 1012 καὶ
462 951 529 1011 τῶν
551 947 648 1026 ἱερῶν
672 946 865 1026 γραμμάτων
888 947 983 1009 τιθεὶς
1007 945 1043 1008 ἐν
1066 943 1205 1023 ἀμείνοςι
1228 945 1268 1008 τὰ
1290 944 1366 1024 παρ’

219 1049 339 1138 αὐτῷῖ)
357 1053 603 1136 ραψῳδούμενα,
622 1052 780 1131 γράφεται
794 1052 891 1138 πάλιν
909 1053 999 1130 ἡμᾶς,
1018 1049 1092 1114 ἀνθ’
1106 1049 1184 1113 ὅτου
1199 1053 1237 1129 δὴ
1257 1051 1365 1128 λόγων

218 1164 274 1236 τῆς
287 1160 468 1241 Ἑλληνικῆς
488 1160 633 1224 εὐεπείας
650 1158 923 1240 ἀπονοςτήςαντες
942 1163 1010 1222 τοῖς
1028 1161 1084 1235 τῆς
1101 1154 1250 1234 ἀληθείας
1269 1178 1364 1237 προς-

219 1263 477 1352 ιςεχωρήκαμενθ)
498 1266 615 1343 λόγοις
652 1267 695 1328 Ex
716 1267 824 1346 quibus
843 1268 947 1328 Iuliani
966 1266 1054 1328 verba
1073 1268 1232 1327 restituere
1253 1267 1365 1349 dubito,

158 1457 161 1463 Ι
218 1393 279 1436 nou
307 1386 430 1455 propter
459 1395 545 1437 voces
573 1377 641 1436 τοῖς
669 1377 725 1451 τῆς
753 1370 901 1450 ἀληθείας
930 1370 1051 1448 λόγοις,
1081 1372 1132 1434 sed
1160 1381 1283 1454 propter
1310 1377 1366 1451 τῆς

217 1478 400 1557 Ἑλληνικῆς
419 1479 572 1543 εὐεπείας.
610 1481 710 1542 Multis
729 1483 808 1542 enim
826 1479 899 1541 locis
919 1480 1045 1560 Cyrillus
1065 1480 1171 1540 irridet
1184 1479 1365 1542 Graecorum

218 1585 381 1664 εὐέπειαν,
409 1575 626 1658 καλλιέπειαν,
651 1585 847 1661 εὐγλωττίαν
876 1607 972 1666 neque
996 1589 1094 1648 minus
1118 1586 1174 1646 hoc
1199 1587 1278 1668 loco,
1307 1607 1365 1667 quo
1429 1615 1431 1618 ·

218 1693 255 1752 de
278 1696 421 1754 orationis
445 1695 665 1775 pulchritudine
685 1694 794 1773 aliquid
816 1694 916 1755 dicere
935 1693 1047 1754 [uliano
1067 1695 1097 1752 in
1117 1701 1246 1755 mentem
1265 1699 1365 1756 venire

218 1820 278 1861 nou
302 1804 406 1880 potuit.
445 1801 500 1872 Qui
521 1805 591 1880 quin
606 1821 649 1874 re
674 1820 741 1862 vera
765 1801 821 1862 hoc
843 1801 909 1860 loco
928 1801 1107 1879 quaesiverit
1126 1818 1161 1859 ex
1182 1799 1366 1884 Christianis,

218 1925 273 1967 cur
301 1910 332 1968 in
361 1908 542 1970 Graecorum
570 1908 712 1988 reiigione
745 1927 805 1968 non
838 1909 1083 1988 permansissent,
1115 1925 1169 1967 carr
1197 1907 1367 1970 dubitemus

218 2032 307 2075 caiisa
330 2033 390 2076 nou
414 2024 468 2078 est.
505 2015 587 2076 Hanc
610 2018 701 2094 igitur
720 2017 924 2093 quaestionem
947 2013 1118 2074 collocatam
1142 2013 1234 2092 fuisse
1258 2035 1365 2077 censeo

216 2129 285 2200 post
309 2121 346 2199 ig.
365 2118 471 2182 15913.
509 2122 603 2192 Quam
628 2128 764 2182 secutum
788 2139 853 2182 esse
878 2128 975 2181 statuo
999 2122 1037 2199 fg.
1057 2117 1154 2200 1601]
1170 2139 1243 2202 sqq,
1267 2141 1364 2203 neque

219 2237 318 2288 tamen
337 2230 379 2288 ita
394 2230 479 2306 sequi
497 2230 602 2307 potuit.
636 2227 694 2287 Sed
713 2229 937 2288 meminerimus
952 2246 1021 2288 cum
1035 2227 1165 2288 Platonis
1181 2228 1366 2309 philosophia

219 2334 360 2395 hocloco
380 2344 578 2414 comparatam
597 2353 663 2394 esse
683 2333 919 2395 Christianorum
938 2335 1120 2414 religionem.
1157 2334 1236 2414 Ergo
1260 2339 1285 2396 si
1309 2346 1365 2398 sta-

219 2444 367 2504 tuerimus
389 2460 477 2502 voces
495 2439 532 2503 ἐν
550 2438 728 2503 Πλάτωνος
751 2438 812 2516 γὰρ
832 2437 941 2516 λόγοις
965 2443 1057 2502 fuisse
1076 2450 1144 2502 aute
1163 2461 1251 2504 voces
1270 2442 1366 2506 οὐδα-

220 2549 296 2624 μοῦ,
325 2550 423 2608 omnia
451 2558 532 2607 recte
560 2556 624 2608 tum
647 2548 817 2627 procedent.
859 2548 962 2627 Neque
989 2557 1089 2609 tamen
1112 2550 1227 2628 integra
1251 2559 1367 2612 exstant

219 2654 325 2716 Iuliani
344 2653 433 2714 verba
451 2657 482 2714 in
497 2654 535 2732 fg.
553 2651 649 2716 1601)
664 2673 728 2734 sqq.
760 2655 835 2716 Nam
853 2664 921 2734 post
941 2658 1005 2716 eius
1023 2655 1111 2716 verba
1131 2675 1159 2734 p.
1177 2654 1273 2718 1611
1292 2656 1367 2718 τοὺς

221 2758 341 2836 χιλίους
365 2757 413 2820 ἑνὶ
436 2760 539 2821 lacuna
561 2759 597 2819 ab
620 2763 685 2840 ipso
704 2760 812 2838 Cyrilio
836 2760 992 2823 indicatur.
1029 2762 1146 2823 Finitur
1169 2771 1266 2822 autem
1291 2764 1366 2841 irag·

220 2876 355 2928 mentum
382 2869 507 2946 integris
534 2885 640 2926 rursus
671 2866 776 2926 Iuliani
807 2867 904 2928 verbis
936 2865 1044 2929 1618:
1073 2865 1100 2929 εἰ
1127 2865 1188 2944 γὰρ
1216 2867 1267 2954 κοιλ
1295 2865 1368 2930 ἑνός

219 2971 338 3049 ἡρώων
361 2971 423 3035 κτὲ.
455 2973 512 3045 Q'ui
536 2993 603 3034 cum
632 2975 690 3040 iam
713 2975 751 3052 ig.
769 2970 865 3034 168ss
880 2993 923 3052 sq.
955 2974 1083 3054 Lycurgi
1110 2983 1140 3034 et
1162 2953 1280 3035 'Solonis
1308 2993 1366 3035 me·

220 3082 355 3161 minent,
384 3082 421 3159 ig.
440 3079 537 3141 1711}
553 3099 616 3160 sqq.
640 3082 761 3159 exponit
784 3079 905 3140 meliora
928 3080 1019 3140 Musis
1047 3080 1162 3160 legibus
1186 3099 1251 3141 esse
1274 3082 1367 3162 philo-

220 3187 383 3266 sophorum
406 3196 572 3267 praecepta.

310 3291 371 3353 lam
393 3293 430 3352 ad
454 3302 589 3372 quartam
616 3287 764 3377 accedit4)
793 3293 915 3355 alterius
937 3296 1030 3374 partis
1053 3294 1282 3375 paragraphum,
1311 3313 1368 3374 qua

221 3402 334 3462 maiora
353 3400 425 3460 adeo
444 3400 520 3460 dona
539 3400 605 3460 data
625 3419 690 3461 esse
706 3400 826 3462 Graecis
845 3401 1003 3462 ostendere
1023 3401 1123 3463 studet
1142 3420 1229 3482 quam
1243 3401 1368 3462 ludaeis

220 3507 331 3568 Multos
360 3509 439 3568 enirn
467 3510 546 3568 viros
575 3509 717 3586 sapientia
745 3497 881 3570 floruisse
916 3509 993 3588 apud
1017 3509 1172 3591 barbaros,
1200 3528 1259 3569 uno
1288 3509 1368 3569 Mose

221 3614 344 3694 gloriari
362 3611 495 3695 Iudaeos,
519 3633 645 3693 quorum
666 3618 754 3676 etiam
773 3635 837 3676 rem
857 3615 1006 3696 publicam
1029 3619 1070 3677 ita
1090 3618 1181 3677 inisse
1205 3615 1370 3698 invalidam,

237 3964 241 3970 ,
297 3913 322 3978 1)
342 3910 386 3965 Ita
404 3908 488 3964 Marc.
510 3915 567 3964 123.
592 3885 735 3978 πανταχοῦ
761 3914 791 3966 δὲ
810 3912 978 3968 ςαναςπίζων
997 3918 1056 3967 τοῖς
1073 3914 1165 3979 λόγοις
1182 3919 1234 3967 τοῦ
1252 3914 1369 3968 Πλάτω·

219 4016 270 4053 νος
289 3999 359 4055 Aub.

299 4092 325 4156 ν)
344 4090 415 4155 παρ’
434 4089 511 4158 αὐτῷ
530 4089 602 4143 Aub.
624 4088 671 4142 ‘ab
690 4089 751 4144 ilio'
773 4089 864 4144 Oecol.
883 4093 953 4157 nup'
972 4092 1066 4144 αὐτῶν
1084 4091 1169 4147 Maro.
1190 4097 1248 4145 123.

297 4181 324 4248 3)
343 4179 609 4245 προςκεχωρὴκαμεν
623 4179 707 4232 Maro.
719 4184 777 4232 123.
795 4179 1001 4233 ‘concessimus'
1019 4178 1110 4233 Oecol.
1124 4184 1370 4250 προςκεχιιιρὴκατε

219 4269 309 4322 Marc.
330 4272 388 4322 122.
412 4266 483 4322 Aub.

296 4360 323 4424 4)
343 4355 405 4425 Oyr.
426 4357 524 4409 troA:
541 4358 706 4423 προςεπόιγει
726 4359 755 4410 δέ
773 4358 891 4410 τούτοις.

276 4473 383 4512 Iulianus
398 4474 432 4513 ed.
447 4473 574 4514 Neumann.
1139 4471 1155 4518 8
