3194 4904
343 1203 464 1291 (tyrilli
497 1201 719 1272 Alexandrini
756 1202 920 1272 librorum
955 1204 1072 1271 eontra
1100 1203 1268 1272 lulianum

623 1327 814 1413 fragmenta
841 1327 982 1415 Syriaca

761 1460 852 1515 aaran

237 1579 259 1618 0
712 1580 749 1635 Ε.
773 1579 899 1636 Nostia.

322 1718 422 1798 Cyrilli
436 1718 624 1779 Alexandrini
639 1716 783 1777 librorum
798 1725 901 1776 contra
916 1716 1060 1778 lulianum
1080 1718 1244 1796 fragmenta
1260 1715 1379 1795 Syriaca

233 1845 308 1904 quae
332 1833 512 1905 sequuntur,
541 1825 714 1905 deprompta
737 1832 808 1884 sunt
831 1843 866 1883 ex
891 1831 1005 1902 septem
1027 1823 1122 1883 Musei
1145 1823 1306 1883 Britannici
1330 1842 1377 1883 co-

233 1932 362 2013 dicibus,
382 1935 411 1992 in
433 1931 540 2010 qtribus
560 1949 593 1990 ea
613 1949 770 2009 superesse
791 1930 988 1990 Guilelmus
1008 1929 1146 2008 Wright
1160 1931 1190 1988 in
1215 1929 1377 1990 clarissimo

231 2039 307 2100 libro
323 2042 374 2118 qui
388 2038 564 2099 inscribitur
579 2036 771 2116 Catalogne
791 2037 828 2096 oi
848 2036 906 2097 the
933 2035 1056 2116 Syriae
1079 2035 1320 2115 Mannscripts
1343 2040 1377 2097 in

231 2147 291 2207 the
310 2146 450 2207 British
469 2146 630 2206 Museum
644 2145 791 2205 indicavit.
830 2144 906 2205 Sunt
925 2153 1023 2204 autem
1042 2143 1159 2204 codices
1179 2162 1305 2222 quorum
1329 2143 1378 2204 de·

232 2257 424 2334 scriptionem
448 2255 699 2314 accuratissimam
722 2254 752 2311 in
777 2270 867 2331 opere
890 2251 1008 2311 laudato
1032 2252 1163 2311 invenies
1187 2251 1235 2310 hl:

276 2354 306 2422 Α
343 2361 415 2421 Add.
442 2357 548 2422 12155
573 2353 663 2440 (saec.
686 2357 773 2439 vlit,
797 2358 859 2419 Wr.
883 2378 910 2437 p.
935 2352 1082 2439 92ls55),
1110 2357 1378 2418 demonstrationes

343 2477 462 2547 patrum
486 2467 627 2527 adversus
651 2468 745 2526 varias
768 2465 921 2546 haereses,
949 2467 979 2525 in
1003 2466 1106 2543 primis
1129 2464 1296 2525 lulianistas
1320 2464 1378 2525 col-

343 2574 436 2635 lectae
465 2593 481 2634 a
509 2573 645 2654 pluribus
673 2573 924 2652 Monophysiticae
957 2571 1026 2632 ildei
1059 2572 1269 2654 sectatoribus,
1298 2575 1378 2633 iuter

342 2707 417 2768 quos
442 2692 610 2750 nominatur
633 2683 697 2748 Mar
721 2687 843 2766 Sergius
866 2679 988 2766 ultan).
1022 2687 1054 2746 ln
1074 2687 1130 2747 hoc
1145 2687 1247 2748 codice
1262 2695 1379 2748 exstant

346 2805 508 2883 Fragmenta
532 2800 649 2863 2-10.
677 2799 726 2862 14.
753 2799 801 2862 16.
829 2800 877 2863 17.
905 2799 1042 2863 19-21,
1061 2799 1187 2864 2624.

274 2906 304 2971 Β
342 2911 413 2970 Add.
445 2908 552 2972 14532
576 2903 667 2992 (saec.
695 2910 777 2991 Vlll,
805 2910 867 2970 Wr.
895 2929 923 2989 p.
951 2903 1094 2992 955l67).
1123 2909 1231 2970 Calena
1260 2917 1378 2988 patrum

346 3018 522 3097 dogmatica,
551 3035 655 3095 magua
679 3037 715 3077 ex
739 3026 822 3096 parte
847 3017 949 3076 eadem
973 3015 1107 3078 collectio
1132 3025 1165 3077 ut
1191 3010 1234 3096 A,
1259 3016 1379 3078 exhibet

342 3124 393 3185 lrr.
418 3121 535 3185 2-10,
562 3120 700 3185 12-14,
728 3121 776 3185 16.
803 3122 851 3184 17.
875 3121 927 3185 20.
952 3121 1003 3184 23.
1027 3120 1078 3184 24.

276 3225 300 3292 G
339 3231 410 3291 Add.
438 3227 545 3291 17214
568 3223 658 3310 (saec.
682 3230 754 3310 Vll,
783 3230 845 3292 Wr.
869 3251 897 3310 p.
921 3225 1041 3312 91517).
1066 3230 1236 3292 Sententiae
1260 3237 1395 3310 patrum

325 3337 377 3397 de
401 3339 490 3398 variis
514 3337 543 3397 S.
568 3337 740 3416 Scripturae
764 3337 845 3396 locis.
882 3336 946 3411 Frr.
973 3334 1022 3397 11.
1049 3333 1098 3398 15.
1124 3334 1173 3398 18.

275 3439 306 3502 lt
340 3443 411 3504 Add.
444 3440 547 3504 17191
583 3438 674 3524 (saec.
707 3442 756 3502 lX.
785 3443 829 3502 vel
864 3443 914 3524 X.,
945 3443 1007 3503 Wr.
1035 3463 1063 3522 p.
1098 3437 1251 3524 rodano)
1285 3443 1377 3505 codex

342 3550 565 3630 palimpsestus3
585 3551 749 3622 sententiae
769 3557 887 3628 patrum
907 3550 943 3610 de
962 3553 1050 3610 variis
1070 3551 1099 3610 S.
1119 3550 1290 3628 Scripturae
1305 3551 1377 3612 locis

342 3663 371 3715 et
394 3655 493 3715 rebus.
525 3655 573 3715 Fr.
599 3652 626 3714 1.
869 3733 872 3739 .

274 3757 303 3823 Ε
342 3759 414 3821 Add.
441 3757 547 3820 17193
572 3753 619 3842 (A.
643 3759 711 3820 Chr.
736 3757 810 3841 874,
833 3760 895 3821 Wr.
914 3781 941 3840 p.
966 3758 1143 3845 aaarlooa)
1166 3764 1303 3825 volumen
1327 3765 1376 3826 de·

341 3868 601 3946 monstrationem,
625 3865 845 3947 collectionum,
869 3868 1071 3946 epistularum.
1116 3869 1163 3929 Fr.
1188 3867 1216 3929 2.

274 3972 302 4036 F
339 3975 412 4036 Add.
443 3970 549 4034 14536
574 3967 663 4054 (saec.
697 3972 782 4055 Vlll.,
805 3973 867 4034 Wr.
891 3993 919 4053 p.
945 3968 1054 4056 itast)
1083 3975 1376 4039 breves‘sentcntiae

340 4090 459 4162 patrum
482 4082 518 4141 de
542 4085 629 4142 variis
654 4079 744 4142 rebus
768 4080 950 4160 theologicis.
986 4081 1027 4140 Fr
1059 4079 1088 4142 4.

277 4183 306 4251 G
340 4188 411 4249 Add.
429 4185 537 4249 12144
561 4184 606 4270 (A.
625 4189 693 4249 Chr.
716 4185 809 4269 1081,
832 4188 894 4248 Wr.
914 4208 941 4267 p.
961 4185 1103 4271 adarna).
1128 4188 1235 4250 Calena
1259 4199 1377 4269 patrum

342 4297 492 4374 exegetica
519 4315 535 4356 a
565 4295 673 4356 Severo
697 4295 840 4356 Monacho
864 4295 1015 4356 Edesseno
1041 4288 1085 4375 (d-
1109 4291 1188 4379 861)
1212 4297 1377 4379 compilata,

346 4399 454 4464 10860
477 4402 588 4463 scholia
612 4402 820 4480 complectens.
858 4402 906 4462 Fr.
930 4400 981 4463 22.
