3194 4904
603 295 646 350 Do
664 293 765 350 Iuliani
782 295 918 350 librorum
937 296 1010 351 fatis.
1186 301 1187 304 ’
1336 296 1377 360 31

226 481 300 544 pore
334 463 507 542 episcopum
542 461 759 522 Antiochennm
793 461 884 522 luisse
917 462 1055 523 loannem
1089 482 1124 524 ex
1158 463 1213 524 alio
1247 463 1379 524 eiusdem

227 568 370 649 epistulae
404 568 478 628 loco·
503 567 663 649 colligitur,
700 571 752 647 qui
784 571 934 629 invenitur
966 589 993 649 p.
1021 566 1104 630 1146
1121 589 1162 648 sq.
1214 569 1271 631 Ubi
1308 569 1380 631 dicit

226 675 433 736 'theodoretus
460 677 518 735 iam
547 693 627 735 nuuc
658 706 698 716 —
733 674 763 735 id
791 683 838 736 est
864 694 940 737 anno
965 673 1030 736 448
1058 678 1284 756 -septimum
1312 695 1377 736 0000

226 801 336 843 annum
360 781 466 841 Domni
495 763 711 860 archiepiscopi
735 780 924 863 Antiocheni,
953 789 1020 842 ante
1045 782 1143 860 quem
1157 801 1211 862 per
1235 783 1377 843 tredecim

226 907 319 949 annos
343 887 479 949 docuerit
509 890 573 968 ipse
597 888 820 968 archiepiscopo
843 888 961 949 loanne.
1005 889 1181 949 Rectissime
1205 897 1302 950 autem
1327 889 1377 948 ob·

227 997 354 1056 servavit
369 994 528 1055 Tillemout
547 993 639 1055 libros
659 1014 729 1055 snos
748 997 866 1056 mittere
885 995 986 1056 loanni
1006 1014 1065 1056 non
1084 999 1216 1076 potuisse
1236 996 1376 1076 Cyrillum

227 1110 295 1162 aute
319 1119 430 1162 annum
452 1097 534 1183 432,
563 1119 621 1180 quo
646 1101 765 1181 quidem
795 1101 850 1162 sibi
878 1102 1078 1163 reconciliavit
1102 1105 1257 1183 episcopos
1280 1106 1376 1164 orien-

226 1209 298 1268 tales
322 1208 453 1268 Nestorii
476 1207 612 1268 asseclas.
659 1208 755 1286 Atque
779 1227 814 1268 eo
843 1210 907 1286 ipso
932 1225 1008 1269 anno
1032 1212 1160 1288 scriptos
1184 1229 1250 1270 esse
1274 1218 1376 1271 contra

223 1314 370 1375 lulianum
395 1313 487 1374 libros
512 1316 614 1375 statuit
637 1294 715 1373 idem
742 1313 811 1373 libri
839 1317 885 1374 sui
909 1332 996 1393 quem
1027 1317 1179 1395 inscripsit
1202 1312 1376 1376 <(1111101100

223 1440 300 1501 pour
324 1422 419 1481 servir
443 1422 459 1481 1
489 1421 632 1481 l'histoirc
661 1416 901 1499 eccle'siastique'
925 1420 979 1481 vol.
999 1420 1072 1482 xlv.
1096 1441 1124 1500 p.
1145 1420 1208 1483 611
1239 1422 1375 1483 editionis

222 1521 391 1610 Venetael)
434 1528 499 1599 Quo
524 1528 643 1607 quidem
668 1546 744 1588 anno
769 1529 925 1606 scripsisse
949 1527 1091 1606 Cyrillum
1114 1528 1151 1589 de
1174 1548 1374 1608 apopompaeo

222 1636 342 1696 minime
363 1653 453 1716 nego,
476 1634 513 1694 de
538 1653 596 1714 quo
621 1637 681 1714 egit
704 1637 734 1695 in
759 1633 884 1713 epistula
908 1633 943 1692 ad
968 1634 1107 1695 Acacium
1131 1636 1206 1718 data,
1233 1655 1308 1715 qrrae
1332 1639 1375 1696 in·

228 1749 309 1801 serta
339 1750 385 1802 est
412 1759 451 1803 ss,
480 1741 672 1802 conciliorum
705 1740 873 1801 collectioni
901 1759 916 1800 a
945 1740 1057 1801 Mansio
1089 1744 1120 1802 in
1153 1743 1250 1803 lucem
1280 1743 1375 1804 editae

223 1847 277 1907 vol.
297 1847 328 1908 V.
356 1868 384 1927 p.
405 1844 599 1910 tat-344.
642 1846 723 1917 Quae
758 1849 830 1926 quin
864 1849 953 1907 missa
986 1849 1025 1908 sit
1057 1847 1158 1908 loanni
1190 1850 1375 1911 Antiocheno

223 1952 307 2014 brevi
329 1963 399 2034 post
418 1973 505 2034 quam
526 1956 636 2034 scripta
655 1961 702 2014 est
720 1972 774 2014 our
793 1953 963 2014 dubitemus
983 1972 1071 2014 causa
1090 1972 1149 2014 uon
1170 1962 1223 2016 est.
1255 1955 1374 2018 Minime

221 2070 319 2122 autem
343 2080 467 2122 censere
491 2064 626 2142 cogimur
649 2061 829 2122 Theodoreti
854 2060 952 2121 verbis
976 2062 1092 2120 misisse
1118 2060 1259 2140 Cyrillum
1281 2062 1374 2124 libros

220 2177 324 2228 contra
347 2168 492 2229 lulianum
521 2170 649 2250 scriptos
675 2186 733 2228 una
757 2186 826 2228 oum
850 2167 976 2246 epistula
1005 2166 1041 2227 (10
1066 2185 1266 2247 apopompaeo
1294 2169 1374 2252 data3

137 2333 139 2338 .
221 2293 317 2355 neque
346 2284 413 2337 aute
442 2294 507 2336 eam
536 2277 640 2355 scripti
667 2294 732 2336 esse
761 2275 828 2335 ideo
863 2283 933 2336 sunt
961 2275 1123 2355 statuendi,
1152 2274 1229 2354 quod
1258 2277 1374 2354 priores

219 2391 431 2444 memorantur.
465 2381 686 2443 theodoretum
706 2384 785 2442 enim
804 2390 974 2461 temporum
994 2381 1128 2441 ordinem
1149 2384 1311 2442 servavisse
1336 2401 1372 2443 ne

219 2491 250 2549 in
279 2490 316 2548 iis
344 2489 463 2568 quidem
493 2507 567 2568 quos
601 2491 665 2568 ipse
693 2497 901 2568 composuerat
929 2487 1013 2549 libris
1041 2487 1251 2548 enumerandis
1279 2497 1309 2549 et
1336 2508 1372 2549 ex

220 2595 347 2675 epistula
371 2598 435 2656 eius
459 2591 501 2656 82
525 2594 707 2672 intellegitur
732 2588 791 2677 (ed.
812 2594 936 2655 Sohulze
961 2594 997 2654 lV
1024 2591 1108 2655 1143
1124 2587 1183 2676 sq.)
1208 2604 1291 2654 etex
1311 2597 1372 2674 epi·
1437 2625 1445 2634 ·

219 2702 314 2763 stulae
341 2699 507 2783 1131000,
537 2701 574 2761 de
599 2718 657 2779 qno
688 2701 766 2761 inira
789 2701 874 2761 nobis
898 2704 957 2762 erit
979 2702 1134 2782 agendum.
1176 2700 1372 2762 admirandus

219 2816 318 2869 autem
338 2810 401 2868 sine
421 2808 512 2870 dubio
532 2814 612 2868 esset
631 2807 772 2889 Cyrillus,
791 2810 815 2868 si
835 2827 889 2887 per
909 2808 1135 2869 violentissimas
1155 2812 1372 2870 controversias

217 2915 408 2976 Nestorianas
437 2911 603 2976 3110428
631 2922 765 2995 exortas,
793 2914 902 2992 quibus
930 2917 994 2994 ipse
1023 2915 1205 2976 multimodis
1229 2934 1293 2975 sese
1317 2918 1371 2976 im-

218 3021 390 3102 plicaverat,
417 3029 551 3082 vacasset
578 3020 793 3081 conscribendo
822 3023 906 3100 operi
937 3021 1016 3099 quod
1046 3023 1149 3098 viginti
1178 3030 1258 3081 certe
1287 3021 1371 3082 libris

218 3127 385 3209 constabat,
413 3146 481 3188 cum
509 3129 685 3207 praesertim
713 3127 768 3187 alia
798 3109 890 3187 multa
918 3134 989 3186 tunc
1020 3128 1047 3186 ei
1076 3135 1176 3188 essent
1206 3126 1370 3208 scribenda,

220 3253 295 3314 quae
319 3234 354 3294 ad
378 3226 597 3295 controversias
620 3233 684 3293 illas
709 3252 796 3312 quam
821 3235 945 3293 maxime
969 3234 1168 3314 pertinerent,
1192 3232 1370 3312 quibuscum

216 3341 288 3401 libri
307 3347 410 3401 contra
428 3340 574 3401 lulianum
595 3342 698 3418 scripti
723 3341 872 3400 societatis
892 3338 1010 3399 vinculo
1030 3339 1259 3400 continebantur
1279 3341 1368 3402 nullo.

217 3445 298 3517 Quos
322 3447 348 3506 si
371 3447 438 3525 quis
461 3448 601 3526 opinetur
631 3448 759 3525 scriptos
783 3463 849 3506 esse
878 3453 946 3506 ante
970 3463 1078 3506 annum
1102 3441 1181 3528 428,
1210 3465 1315 3524 causae
1343 3451 1370 3509 ei

215 3618 268 3673 dae
288 3617 435 3673 consilium
456 3617 542 3672 etiam
560 3617 589 3671 in
614 3617 694 3672 libris
714 3615 812 3688 Cyrilli
832 3619 929 3672 contra
946 3618 1086 3672 lulianum
1104 3618 1215 3688 seriptis
1234 3637 1369 3689 apparere

214 3706 287 3762 infra
306 3723 452 3777 exponam.

287 3799 313 3864 1)
332 3795 444 3851 Erravit
456 3796 645 3863 Heumannus‚
660 3795 684 3850 01
694 3795 808 3864 quidem
822 3795 847 3850 is
862 3796 891 3849 in
904 3795 1027 3850 Fabricii
1041 3795 1108 3849 bibl.
1124 3794 1170 3849 Gr.
1186 3796 1225 3850 IX
1239 3803 1256 3850 4
1274 3816 1300 3867 p.
1316 3803 1367 3853 tvl

214 3885 325 3941 diversa
339 3902 399 3940 0000
415 3885 560 3941 contendit
575 3885 605 3939 in
619 3884 758 3940 sententia
772 3885 813 3938 La
828 3884 921 3952 Crono,
935 3885 1001 3939 hist.
1013 3884 1106 3939 christ.
1118 3885 1177 3942 Ind.
1192 3874 1239 3939 lib.
1251 3887 1271 3941 1.
1287 3904 1313 3956 p.
1326 3892 1368 3942 to.

215 3973 274 4042 Quo
294 3975 404 4030 100010
426 3991 496 4029 vera
514 3974 629 4043 exponit
653 3974 702 4028 ille
721 3972 905 4028 admiratione
925 3973 1039 4028 minime
1059 3973 1173 4044 dignam
1192 3991 1250 4029 0000
1271 3975 1369 4044 Cyrilli

216 4063 410 4120 eruditionem.
438 4063 621 4130 L'drnditiom
640 4061 740 4131 inquit,
760 4061 795 4117 de
809 4060 912 4130 Cyrille
932 4061 1002 4116 aton
1021 4062 1077 4116 fort
1089 4062 1183 4132 legere
1198 4065 1228 4118 et
1246 4081 1296 4119 son
1311 4065 1367 4119 (110-

215 4169 321 4222 qnenoe
340 4151 480 4206 mediocre
500 4153 552 4208 ete.
585 4152 646 4206 Iam
664 4168 730 4207 vero
750 4168 813 4205 cnm
833 4151 984 4219 sequantur
1006 4151 1036 4205 in
1054 4151 1176 4207 Fabricii
1194 4151 1381 4209 bibliotheca·

214 4241 301 4297 verba
318 4242 403 4296 haec:
439 4240 516 4295 ‘Hoc
535 4242 583 4308 (so.
603 4240 710 4311 cyrilli)
733 4240 908 4310 praeclarum
931 4242 1016 4310 atque
1036 4240 1173 4296 eruditum
1193 4241 1277 4311 opus'
1298 4258 1367 4310 sqq,

111 4347 114 4350 ·
213 4330 330 4386 dubium
350 4346 484 4386 essenon
509 4331 616 4400 potest,
640 4329 708 4398 quin
726 4345 760 4384 ea
783 4346 855 4398 quae
874 4329 1054 4385 Heumannus
1076 4333 1152 4385 reete
1176 4330 1366 4396 adnotaverat,

213 4419 288 4475 falso
307 4420 369 4475 loco
388 4420 488 4488 postea
506 4419 564 4473 sint
580 4419 680 4489 posita.
1161 4434 1164 4442 ¹
