3192 4906
714 1073 836 1168 Caput
861 1073 925 1146 HI.

505 1221 552 1291 lte
579 1221 707 1292 Iuliani
733 1219 849 1291 verbis
877 1219 1135 1291 constituendis.

337 1401 405 1481 lpse
419 1401 519 1480 operis
533 1397 656 1460 lulieuei
670 1397 773 1477 codex,
792 1416 851 1478 quc
870 1416 943 1459 usus
962 1406 1009 1459 est
1028 1396 1154 1478 Cyrillus
1168 1396 1395 1480 Alexandrinus,

249 1527 309 1570 nou
327 1510 448 1569 omnino
466 1491 657 1567 librariorum
675 1503 791 1566 mendis
809 1523 928 1566 vacasse
948 1506 1124 1567 statuendus
1142 1515 1197 1588 est,
1216 1525 1393 1586 quemquem

249 1614 328 1695 quod
352 1617 383 1675 iu
402 1614 500 1676 verbis
519 1612 555 1675 ab
574 1613 630 1673 hcc
649 1632 678 1692 p.
695 1609 768 1673 690
788 1615 912 1673 servatis
936 1612 1054 1674 videtur
1073 1614 1300 1693 vituperandum
1319 1633 1394 1697 esse,

249 1731 351 1784 utrum
373 1719 494 1782 librario
514 1740 551 1782 en
569 1723 628 1801 ipsi
645 1719 758 1781 luliauc
782 1719 973 1780 tribuendum
997 1721 1035 1780 sit
1058 1722 1089 1780 in
1108 1721 1205 1781 medic
1225 1721 1394 1800 relinquen-

249 1829 319 1890 dum
343 1835 397 1890 est.
437 1826 512 1889 Nem
530 1826 661 1888 lulianus
685 1844 753 1886 cum
777 1825 900 1886 dixisset
923 1843 1027 1887 omues
1051 1825 1186 1888 homiues
1205 1828 1320 1890 caelum
1343 1837 1395 1891 aut

248 1936 337 1997 deum
355 1935 456 1996 dicere
479 1943 531 1995 eut
548 1933 597 1994 dei
620 1932 735 1994 sedem:
754 1929 892 2008 εἰκότως,
915 1935 1021 2014 iuquit,
1040 1927 1211 2016 (οὐρανόν)
1235 1934 1311 1999 θεὸν
1334 1936 1394 1998 καί

248 2044 325 2105 θεοῦ
349 2039 469 2118 θρόνον
488 2038 659 2119 ὑπέλαβον.
697 2039 779 2112 Quae
798 2037 887 2100 verbe
909 2041 942 2100 in
961 2039 1094 2120 exemplo
1114 2059 1168 2101 suo
1187 2041 1329 2122 Cyrillunr
1352 2044 1393 2105 le·

248 2152 326 2229 gisse
355 2150 424 2210 inde
451 2148 648 2230 intellegitur,
675 2147 754 2227 quod
777 2167 805 2228 p.
831 2144 911 2209 70b
938 2150 979 2208 ita
1007 2150 1038 2208 iu
1061 2148 1208 2210 lulianum
1231 2151 1395 2213 invehitur:

248 2255 359 2334 ἐπειδὴ
382 2254 418 2318 όέ
443 2274 547 2333 φηςιν,
570 2254 603 2320 ἐξ
628 2252 674 2318 ὧν
698 2251 779 2317 εἶναι
802 2250 947 2332 πέφυκεν
972 2251 990 2316 ὁ
1014 2252 1166 2332 οὐρανός,
1190 2253 1321 2319 εἰκότως
1343 2276 1394 2320 τε-

248 2361 421 2439 θαύμαςται
440 2361 491 2424 καὶ
509 2359 699 2438 ὑπείληπται
718 2359 806 2438 παρὰ
821 2363 889 2423 τοῖς
912 2363 1047 2424 πολλοῖς
1066 2360 1128 2423 καὶ
1146 2362 1220 2427 θεὸς
1239 2361 1395 2442 ὑπάρχειν

248 2468 308 2532 καὶ
326 2473 403 2533 θεοῦ
421 2467 546 2546 θρόνος,
566 2468 738 2531 διδαςκέτω
757 2466 938 2545 παρελθὼν,
962 2457 991 2530 εί
1008 2465 1127 2531 ταύτὸν
1147 2465 1227 2532 είναι
1248 2470 1394 2551 νενόμικε

248 2576 299 2639 καὶ
322 2576 358 2640 έν
380 2573 438 2658 tce
461 2574 560 2652 τίθηςι
583 2576 687 2657 μέτρῳ
710 2573 750 2637 τὰ
774 2571 830 2637 ἐπ’
851 2571 985 2653 ἀμφοῖν·
1009 2570 1086 2637 ἀλλ’
1108 2573 1167 2637 ούκ
1190 2574 1230 2639 ἂν
1254 2576 1394 2656 οἰηθείην

248 2682 381 2747 πώποτε
405 2682 485 2760 πρὸς
508 2685 605 2746 τοῦτο
629 2680 729 2746 αὐτὸν
752 2679 952 2759 ἀποπληξίας
975 2681 1096 2760 ἐλθεῖν,
1116 2681 1160 2744 ιὺς
1183 2681 1251 2746 κατ’
1274 2683 1395 2749 οὐθένα

248 2788 371 2867 τρόπον
386 2789 552 2867 διαφέρειν
570 2785 689 2852 οίεςθαι
708 2787 746 2852 τὸ
761 2785 842 2852 εἰναι
857 2787 934 2852 θεὸν
951 2788 1003 2851 καὶ
1021 2787 1141 2866 θρόνον
1155 2794 1241 2853 θεοῦ.
1271 2793 1395 2857 Rectius

230 2901 312 2959 ‘sine
341 2897 431 2959 dubio
459 2916 492 2958 se
520 2896 664 2958 habereut
691 2897 781 2958 rerba
813 2895 890 2958 θεὸν
916 2897 936 2974 ἢ
964 2899 1042 2960 θεοῦ
1070 2895 1190 2974 θρόνον
1216 2896 1395 2979 ὑπέλαβον·

249 3006 300 3068 sed
320 3025 388 3067 cum
406 3008 438 3067 in
456 3005 558 3066 codice
577 3004 685 3066 litteris
704 3003 875 3066 maiusculis
894 3015 1012 3065 exarato
1034 3003 1058 3067 Η
1078 3013 1109 3065 et
1128 3004 1186 3068 ΚΑΙ
1210 3004 1288 3068 haud
1308 2949 1395 3069 facile

248 3113 391 3176 confundi
408 3114 570 3192 potuerint,
593 3114 651 3192 ipsi
669 3110 782 3173 lulian'c
807 3110 893 3191 culpa
911 3112 1028 3172 videtur
1048 3130 1114 3172 esse
1135 3112 1301 3174 tribuenda.
1335 3114 1393 3175 Sed

248 3220 302 3281 elia
317 3239 367 3281 res
381 3229 427 3280 est
447 3220 540 3281 altero
558 3220 634 3281 leco.
671 3219 730 3290 Qui
749 3221 781 3279 in
795 3217 897 3298 Cyrilli
915 3217 999 3279 libris
1017 3220 1058 3278 ita
1077 3217 1219 3280 scribitur
1232 3240 1260 3300 p.
1276 3218 1318 3282 69
1329 3221 1394 3284 cu:

247 3325 285 3390 τὸ
308 3324 369 3403 γὰρ
393 3329 542 3389 τοιοῦτον
572 3319 627 3411 (sc.
652 3319 780 3407 caelum)
805 3358 846 3367 —
870 3321 971 3400 πάςης
999 3322 1167 3401 καθαρεύει
1195 3327 1321 3403 φθορᾶς
1342 3325 1394 3390 καὶ

247 3433 416 3510 γενέςεως,
439 3429 602 3495 ἀθάνατον
625 3431 660 3494 δέ
685 3429 724 3495 ὂν
743 3430 836 3510 φύςει
859 3430 910 3494 καὶ
928 3428 1128 3508 ἀνώλεθρον,
1153 3431 1308 3495 παντοίας
1331 3432 1394 3496 ἐςτῖ

248 3539 390 3616 καθαρόν
417 3541 560 3616 κηλῖδος·
590 3535 694 3601 ἀίδιον
722 3537 758 3601 δέ
789 3537 840 3601 καὶ
863 3535 1055 3616 ἀεικίνητον,
1083 3535 1127 3600 ὑις
1155 3535 1295 3616 ὁρῶμεν,
1322 3538 1393 3617 ἤτοι

248 3645 336 3724 παρὰ
359 3651 464 3724 ψυχῆς
486 3644 667 3723 κρείττονος
691 3645 741 3708 καὶ
764 3645 927 3723 θειοτέρας
946 3644 1129 3723 ένοικούςης
1150 3643 1237 3728 αὐτῷ
1261 3646 1394 3723 φέρεται

248 3753 353 3836 κύκλῳ
377 3753 451 3831 περὶ
473 3752 531 3816 τὸν
550 3753 651 3830 μέγαν
670 3753 872 3832 δημιουργὸν,
895 3754 915 3831 ἢ
939 3752 1020 3831 πρὸς
1039 3752 1216 3816 αὐτοῦτοῦ
1236 3758 1312 3817 θεοῦ
1335 3755 1393 3833 τήν

213 3911 216 3920 ,
248 3860 380 3943 κίνηςιν,
407 3858 526 3939 ὥςπερ,
551 3857 649 3938 οἶμαι,
673 3859 712 3922 τὰ
734 3860 871 3938 ἡμέτερα
900 3859 1030 3938 ςώματα
1057 3858 1145 3938 παρὰ
1171 3865 1228 3937 τῆς
1256 3861 1292 3924 ἐν
1319 3861 1393 3939 ἡμῖν

248 3973 353 4046 ψυχῆς
381 3965 643 4046 παραδεξάμενον
674 3967 733 4032 τὸν
760 3965 895 4045 ἄπειρον
922 3964 1071 4032 ἐξελίττει
1097 3967 1215 4030 κύκλον
1242 3965 1392 4050 ἀπαύςτψ

180 4061 184 4070 ’
248 4076 298 4140 καὶ
322 4074 441 4157 αἰωνίῳ
460 4079 556 4157 φορᾷ.
593 4075 650 4138 Ubi
672 4077 763 4138 verba
785 4073 892 4152 ὥςπερ
910 4109 955 4120 -
978 4074 1014 4138 ἐν
1037 4073 1112 4153 ἡμῖν
1130 4079 1236 4153 ψυχῆς
1259 4085 1391 4157 transpo-

248 4185 345 4247 nenda
369 4204 434 4246 esse
459 4187 664 4265 uuusquisque
688 4187 829 4246 continue
852 4186 1003 4264 perspicit.
1049 4183 1153 4263 Neque
1176 4187 1256 4244 euim
1276 4183 1394 4245 'caelum

249 4296 274 4354 si
298 4294 376 4354 circa
396 4292 484 4361 deum
503 4291 666 4373 volutatur,
689 4291 849 4351 abeodem
873 4290 928 4350 dec
952 4292 992 4351 ita
1012 4293 1124 4352 moveri
1146 4299 1254 4373 potest,
1277 4299 1311 4352 ut
1329 4309 1392 4352 ccr-

247 4420 320 4484 pcra
339 4409 441 4462 nostra
460 4410 491 4463 et
509 4420 584 4482 quae
603 4403 634 4461 iu
657 4399 731 4479 ipsis
750 4399 839 4458 vitam
857 4397 938 4476 degit
957 4400 1060 4460 anime.
1094 4397 1175 4469 Quae
1195 4417 1264 4459 cum
1283 4398 1392 4479 optime
