<?xml version="1.0" encoding="UTF-8"?>
<!DOCTYPE html PUBLIC "-//W3C//DTD XHTML 1.0 Transitional//EN"
    "http://www.w3.org/TR/xhtml1/DTD/xhtml1-transitional.dtd">
<html xmlns="http://www.w3.org/1999/xhtml" xml:lang="en" lang="en">
 <head>
  <title>
</title>
<meta http-equiv="Content-Type" content="text/html;charset=utf-8" />
  <meta name='ocr-system' content='tesseract 3.04.00' />
  <meta name='ocr-capabilities' content='ocr_page ocr_carea ocr_par ocr_line ocrx_word'/>
</head>
<body>
  <div class='ocr_page' id='page_1' title='image "./ivlianiimperato00juligoog_0037.png"; bbox 0 0 3194 4904; ppageno 0'>
   <div class='ocr_carea' id='block_1_1' title="bbox 579 301 1353 369">
    <p class='ocr_par' dir='ltr' id='par_1_1' title="bbox 579 301 1353 369">
     <span class='ocr_line' id='line_1_1' title="bbox 579 301 1353 369; baseline 0.008 -15"><span class='ocrx_word' id='word_1_1' title='bbox 579 302 620 356; x_wconf 86' lang='lat' dir='ltr'><strong>Da</strong></span> <span class='ocrx_word' id='word_1_2' title='bbox 639 301 742 357; x_wconf 80' lang='lat' dir='ltr'><strong>Iuliani</strong></span> <span class='ocrx_word' id='word_1_3' title='bbox 760 302 895 358; x_wconf 87' lang='lat' dir='ltr'><strong>librorum</strong></span> <span class='ocrx_word' id='word_1_4' title='bbox 913 303 987 358; x_wconf 73' lang='lat' dir='ltr'><strong>racis.</strong></span> <span class='ocrx_word' id='word_1_5' title='bbox 1312 305 1353 369; x_wconf 76' lang='lat'><strong>21</strong></span> 
     </span>
    </p>
   </div>
   <div class='ocr_carea' id='block_1_2' title="bbox 143 465 1418 4403">
    <p class='ocr_par' dir='ltr' id='par_1_2' title="bbox 143 465 1418 4403">
     <span class='ocr_line' id='line_1_2' title="bbox 207 465 1354 551; baseline 0.005 -21"><span class='ocrx_word' id='word_1_6' title='bbox 207 466 278 544; x_wconf 85' lang='grc' dir='ltr'>περὶ</span> <span class='ocrx_word' id='word_1_7' title='bbox 307 470 384 530; x_wconf 85' lang='grc' dir='ltr'>θεοῦ</span> <span class='ocrx_word' id='word_1_8' title='bbox 412 467 598 545; x_wconf 76' lang='grc' dir='ltr'>ποιήεαςθαι</span> <span class='ocrx_word' id='word_1_9' title='bbox 625 465 756 545; x_wconf 85' lang='grc' dir='ltr'>λόγους,</span> <span class='ocrx_word' id='word_1_10' title='bbox 789 466 863 531; x_wconf 83' lang='grc' dir='ltr'>οὔτε</span> <span class='ocrx_word' id='word_1_11' title='bbox 892 466 1027 546; x_wconf 89' lang='grc' dir='ltr'>ἔχοντας</span> <span class='ocrx_word' id='word_1_12' title='bbox 1055 468 1159 548; x_wconf 85' lang='grc' dir='ltr'>ὀρθῶς</span> <span class='ocrx_word' id='word_1_13' title='bbox 1187 470 1262 535; x_wconf 86' lang='grc' dir='ltr'>οὔτε</span> <span class='ocrx_word' id='word_1_14' title='bbox 1293 473 1354 551; x_wconf 88' lang='grc' dir='ltr'><strong>μὴν</strong></span> 
     </span>
     <span class='ocr_line' id='line_1_3' title="bbox 143 570 1354 660; baseline 0.003 -22"><span class='ocrx_word' id='word_1_15' title='bbox 143 619 148 626; x_wconf 90' lang='grc'><strong>-</strong></span> <span class='ocrx_word' id='word_1_16' title='bbox 206 572 356 638; x_wconf 86' lang='grc' dir='ltr'>ἐοικότως</span> <span class='ocrx_word' id='word_1_17' title='bbox 376 574 464 657; x_wconf 84' lang='grc' dir='ltr'>αὐτῷ</span> <span class='ocrx_word' id='word_1_18' title='bbox 488 570 543 658; x_wconf 88' lang='lat' dir='ltr'><strong>(sc.</strong></span> <span class='ocrx_word' id='word_1_19' title='bbox 562 572 642 660; x_wconf 83' lang='grc' dir='ltr'>θεῷ)</span> <span class='ocrx_word' id='word_1_20' title='bbox 666 574 851 653; x_wconf 86' lang='grc' dir='ltr'>γεγονότας.</span> <span class='ocrx_word' id='word_1_21' title='bbox 889 577 969 639; x_wconf 82' lang='grc' dir='ltr'>ποτὲ</span> <span class='ocrx_word' id='word_1_22' title='bbox 993 577 1028 640; x_wconf 81' lang='grc' dir='ltr'><strong>δὲ</strong></span> <span class='ocrx_word' id='word_1_23' title='bbox 1052 576 1110 641; x_wconf 88' lang='grc' dir='ltr'><strong>τὸν</strong></span> <span class='ocrx_word' id='word_1_24' title='bbox 1131 575 1265 656; x_wconf 81' lang='grc' dir='ltr'>Ἐςδραν</span> <span class='ocrx_word' id='word_1_25' title='bbox 1289 576 1354 642; x_wconf 83' lang='grc' dir='ltr'><strong>ἀπὸ</strong></span> 
     </span>
     <span class='ocr_line' id='line_1_4' title="bbox 204 680 1353 766; baseline 0.004 -23"><span class='ocrx_word' id='word_1_26' title='bbox 204 680 334 760; x_wconf 86' lang='grc' dir='ltr'>γμώμης</span> <span class='ocrx_word' id='word_1_27' title='bbox 367 680 447 745; x_wconf 79' lang='grc' dir='ltr'>ἰδίας</span> <span class='ocrx_word' id='word_1_28' title='bbox 479 685 747 760; x_wconf 86' lang='grc' dir='ltr'>προςεπενεγκεῑν</span> <span class='ocrx_word' id='word_1_29' title='bbox 779 702 851 746; x_wconf 84' lang='grc' dir='ltr'>τινα</span> <span class='ocrx_word' id='word_1_30' title='bbox 883 681 1080 748; x_wconf 81' lang='grc' dir='ltr'>διατείνεται.</span> <span class='ocrx_word' id='word_1_31' title='bbox 1127 685 1230 747; x_wconf 84' lang='lat' dir='ltr'><strong>Differt</strong></span> <span class='ocrx_word' id='word_1_32' title='bbox 1262 689 1353 766; x_wconf 82' lang='lat' dir='ltr'><strong>igitur</strong></span> 
     </span>
     <span class='ocr_line' id='line_1_5' title="bbox 203 789 1352 873; baseline 0.003 -23"><span class='ocrx_word' id='word_1_33' title='bbox 203 789 334 851; x_wconf 92' lang='lat' dir='ltr'><strong>Iulianus</strong></span> <span class='ocrx_word' id='word_1_34' title='bbox 356 808 391 850; x_wconf 91' lang='lat' dir='ltr'><strong>eo</strong></span> <span class='ocrx_word' id='word_1_35' title='bbox 415 809 430 851; x_wconf 92' lang='lat' dir='ltr'><strong>a</strong></span> <span class='ocrx_word' id='word_1_36' title='bbox 449 791 640 873; x_wconf 90' lang='lat' dir='ltr'><strong>philosopho,</strong></span> <span class='ocrx_word' id='word_1_37' title='bbox 664 792 741 871; x_wconf 90' lang='lat' dir='ltr'><strong>quod</strong></span> <span class='ocrx_word' id='word_1_38' title='bbox 762 809 829 852; x_wconf 90' lang='lat' dir='ltr'><strong>cum</strong></span> <span class='ocrx_word' id='word_1_39' title='bbox 848 790 897 852; x_wconf 90' lang='lat' dir='ltr'><strong>ille</strong></span> <span class='ocrx_word' id='word_1_40' title='bbox 917 794 1076 871; x_wconf 90' lang='lat' dir='ltr'><strong>quicquam</strong></span> <span class='ocrx_word' id='word_1_41' title='bbox 1094 792 1185 854; x_wconf 88' lang='lat' dir='ltr'><strong>blosis</strong></span> <span class='ocrx_word' id='word_1_42' title='bbox 1204 801 1352 854; x_wconf 85' lang='lat' dir='ltr'><strong>servatum</strong></span> 
     </span>
     <span class='ocr_line' id='line_1_6' title="bbox 204 889 1352 985; baseline 0.003 -27"><span class='ocrx_word' id='word_1_43' title='bbox 204 916 269 958; x_wconf 88' lang='lat' dir='ltr'><strong>csse</strong></span> <span class='ocrx_word' id='word_1_44' title='bbox 293 889 390 978; x_wconf 82' lang='lat' dir='ltr'><strong>neget,</strong></span> <span class='ocrx_word' id='word_1_45' title='bbox 413 898 511 958; x_wconf 92' lang='lat' dir='ltr'><strong>omnia</strong></span> <span class='ocrx_word' id='word_1_46' title='bbox 534 897 569 957; x_wconf 93' lang='lat' dir='ltr'><strong>ab</strong></span> <span class='ocrx_word' id='word_1_47' title='bbox 588 896 683 958; x_wconf 88' lang='lat' dir='ltr'><strong>Esdra</strong></span> <span class='ocrx_word' id='word_1_48' title='bbox 702 917 768 959; x_wconf 91' lang='lat' dir='ltr'><strong>esse</strong></span> <span class='ocrx_word' id='word_1_49' title='bbox 790 901 941 979; x_wconf 90' lang='lat' dir='ltr'><strong>supposita</strong></span> <span class='ocrx_word' id='word_1_50' title='bbox 961 899 1134 985; x_wconf 77' lang='lat' dir='ltr'><strong>contendat,</strong></span> <span class='ocrx_word' id='word_1_51' title='bbox 1152 901 1215 979; x_wconf 89' lang='lat' dir='ltr'><strong>ipse</strong></span> <span class='ocrx_word' id='word_1_52' title='bbox 1235 909 1352 962; x_wconf 82' lang='lat' dir='ltr'><strong>exstare</strong></span> 
     </span>
     <span class='ocr_line' id='line_1_7' title="bbox 204 1000 1418 1085; baseline 0.003 -21"><span class='ocrx_word' id='word_1_53' title='bbox 204 1004 323 1084; x_wconf 90' lang='lat' dir='ltr'><strong>quidem</strong></span> <span class='ocrx_word' id='word_1_54' title='bbox 347 1012 450 1066; x_wconf 87' lang='lat' dir='ltr'><strong>censet</strong></span> <span class='ocrx_word' id='word_1_55' title='bbox 473 1004 562 1064; x_wconf 89' lang='lat' dir='ltr'><strong>blosis</strong></span> <span class='ocrx_word' id='word_1_56' title='bbox 586 1004 691 1080; x_wconf 83' lang='lat' dir='ltr'><strong>libros,</strong></span> <span class='ocrx_word' id='word_1_57' title='bbox 718 1005 771 1065; x_wconf 90' lang='lat' dir='ltr'><strong>scd</strong></span> <span class='ocrx_word' id='word_1_58' title='bbox 795 1005 831 1066; x_wconf 95' lang='lat' dir='ltr'><strong>ab</strong></span> <span class='ocrx_word' id='word_1_59' title='bbox 854 1005 949 1066; x_wconf 88' lang='lat' dir='ltr'><strong>Esdra</strong></span> <span class='ocrx_word' id='word_1_60' title='bbox 972 1024 1037 1067; x_wconf 91' lang='lat' dir='ltr'><strong>esse</strong></span> <span class='ocrx_word' id='word_1_61' title='bbox 1063 1006 1205 1085; x_wconf 82' lang='lat' dir='ltr'>quaedam</span> <span class='ocrx_word' id='word_1_62' title='bbox 1229 1007 1351 1069; x_wconf 87' lang='lat' dir='ltr'><strong>adiecta.</strong></span> <span class='ocrx_word' id='word_1_63' title='bbox 1416 1000 1418 1004; x_wconf 68' lang='grc'><strong>’</strong></span> 
     </span>
     <span class='ocr_line' id='line_1_8' title="bbox 203 1110 1350 1198; baseline 0.003 -27"><span class='ocrx_word' id='word_1_64' title='bbox 203 1112 262 1172; x_wconf 90' lang='lat' dir='ltr'><strong>lam</strong></span> <span class='ocrx_word' id='word_1_65' title='bbox 287 1130 367 1173; x_wconf 91' lang='lat' dir='ltr'><strong>nunc</strong></span> <span class='ocrx_word' id='word_1_66' title='bbox 386 1110 509 1172; x_wconf 91' lang='lat' dir='ltr'><strong>dubium</strong></span> <span class='ocrx_word' id='word_1_67' title='bbox 533 1130 593 1171; x_wconf 94' lang='lat' dir='ltr'><strong>non</strong></span> <span class='ocrx_word' id='word_1_68' title='bbox 617 1120 675 1193; x_wconf 88' lang='lat' dir='ltr'><strong>cst,</strong></span> <span class='ocrx_word' id='word_1_69' title='bbox 700 1114 770 1190; x_wconf 92' lang='lat' dir='ltr'><strong>quin</strong></span> <span class='ocrx_word' id='word_1_70' title='bbox 790 1113 866 1173; x_wconf 91' lang='lat' dir='ltr'><strong>alius</strong></span> <span class='ocrx_word' id='word_1_71' title='bbox 884 1115 923 1174; x_wconf 90' lang='lat' dir='ltr'><strong>sit</strong></span> <span class='ocrx_word' id='word_1_72' title='bbox 945 1112 1139 1194; x_wconf 91' lang='lat' dir='ltr'><strong>philosophus</strong></span> <span class='ocrx_word' id='word_1_73' title='bbox 1157 1114 1350 1198; x_wconf 86' lang='lat' dir='ltr'><strong>Macarianus,</strong></span> 
     </span>
     <span class='ocr_line' id='line_1_9' title="bbox 204 1219 1348 1301; baseline 0.003 -22"><span class='ocrx_word' id='word_1_74' title='bbox 204 1219 278 1280; x_wconf 92' lang='lat' dir='ltr'><strong>alius</strong></span> <span class='ocrx_word' id='word_1_75' title='bbox 300 1219 432 1280; x_wconf 90' lang='lat' dir='ltr'><strong>lulianus</strong></span> <span class='ocrx_word' id='word_1_76' title='bbox 455 1221 624 1299; x_wconf 92' lang='lat' dir='ltr'><strong>imperator.</strong></span> <span class='ocrx_word' id='word_1_77' title='bbox 658 1219 716 1280; x_wconf 90' lang='lat' dir='ltr'><strong>Sed</strong></span> <span class='ocrx_word' id='word_1_78' title='bbox 741 1222 909 1282; x_wconf 89' lang='lat' dir='ltr'><strong>meminerit</strong></span> <span class='ocrx_word' id='word_1_79' title='bbox 932 1220 1009 1282; x_wconf 90' lang='lat' dir='ltr'><strong>lorte</strong></span> <span class='ocrx_word' id='word_1_80' title='bbox 1033 1223 1179 1301; x_wconf 84' lang='lat' dir='ltr'><strong>quispiam</strong></span> <span class='ocrx_word' id='word_1_81' title='bbox 1203 1229 1348 1282; x_wconf 85' lang='lat' dir='ltr'><strong>trecento·</strong></span> 
     </span>
     <span class='ocr_line' id='line_1_10' title="bbox 203 1325 1350 1408; baseline 0.003 -22"><span class='ocrx_word' id='word_1_82' title='bbox 203 1345 271 1387; x_wconf 90' lang='lat' dir='ltr'><strong>rum</strong></span> <span class='ocrx_word' id='word_1_83' title='bbox 292 1325 410 1386; x_wconf 90' lang='lat' dir='ltr'><strong>illorum</strong></span> <span class='ocrx_word' id='word_1_84' title='bbox 430 1344 589 1406; x_wconf 91' lang='lat' dir='ltr'><strong>annorum,</strong></span> <span class='ocrx_word' id='word_1_85' title='bbox 614 1345 689 1405; x_wconf 92' lang='lat' dir='ltr'><strong>quos</strong></span> <span class='ocrx_word' id='word_1_86' title='bbox 711 1336 780 1406; x_wconf 91' lang='lat' dir='ltr'><strong>post</strong></span> <span class='ocrx_word' id='word_1_87' title='bbox 799 1326 909 1388; x_wconf 84' lang='lat' dir='ltr'><strong>Christi</strong></span> <span class='ocrx_word' id='word_1_88' title='bbox 934 1335 1059 1388; x_wconf 89' lang='lat' dir='ltr'><strong>mortem</strong></span> <span class='ocrx_word' id='word_1_89' title='bbox 1081 1329 1235 1389; x_wconf 79' lang='lat' dir='ltr'><strong>transiisse</strong></span> <span class='ocrx_word' id='word_1_90' title='bbox 1258 1329 1350 1408; x_wconf 88' lang='lat' dir='ltr'><strong>pbilo-</strong></span> 
     </span>
     <span class='ocr_line' id='line_1_11' title="bbox 203 1433 1350 1514; baseline 0.003 -22"><span class='ocrx_word' id='word_1_91' title='bbox 203 1433 314 1512; x_wconf 87' lang='lat' dir='ltr'><strong>sophus</strong></span> <span class='ocrx_word' id='word_1_92' title='bbox 341 1433 421 1494; x_wconf 91' lang='lat' dir='ltr'><strong>dicit.</strong></span> <span class='ocrx_word' id='word_1_93' title='bbox 459 1433 516 1493; x_wconf 92' lang='lat' dir='ltr'><strong>Sed</strong></span> <span class='ocrx_word' id='word_1_94' title='bbox 548 1452 616 1494; x_wconf 89' lang='lat' dir='ltr'><strong>eum</strong></span> <span class='ocrx_word' id='word_1_95' title='bbox 649 1451 811 1494; x_wconf 84' lang='lat' dir='ltr'><strong>memorem</strong></span> <span class='ocrx_word' id='word_1_96' title='bbox 840 1452 905 1494; x_wconf 91' lang='lat' dir='ltr'><strong>esse</strong></span> <span class='ocrx_word' id='word_1_97' title='bbox 938 1433 1027 1495; x_wconf 89' lang='lat' dir='ltr'><strong>iubeo</strong></span> <span class='ocrx_word' id='word_1_98' title='bbox 1055 1434 1203 1514; x_wconf 80' lang='lat' dir='ltr'><strong>dialogum</strong></span> <span class='ocrx_word' id='word_1_99' title='bbox 1230 1437 1350 1496; x_wconf 84' lang='lat' dir='ltr'><strong>finxisse</strong></span> 
     </span>
     <span class='ocr_line' id='line_1_12' title="bbox 201 1540 1352 1623; baseline 0.003 -23"><span class='ocrx_word' id='word_1_100' title='bbox 201 1540 369 1602; x_wconf 83' lang='lat' dir='ltr'><strong>Macarium.</strong></span> <span class='ocrx_word' id='word_1_101' title='bbox 401 1540 504 1620; x_wconf 89' lang='lat' dir='ltr'><strong>Itaque</strong></span> <span class='ocrx_word' id='word_1_102' title='bbox 524 1559 611 1620; x_wconf 88' lang='lat' dir='ltr'><strong>quam</strong></span> <span class='ocrx_word' id='word_1_103' title='bbox 635 1543 666 1601; x_wconf 93' lang='lat' dir='ltr'><strong>in</strong></span> <span class='ocrx_word' id='word_1_104' title='bbox 689 1541 765 1602; x_wconf 91' lang='lat' dir='ltr'><strong>libro</strong></span> <span class='ocrx_word' id='word_1_105' title='bbox 786 1560 873 1620; x_wconf 89' lang='lat' dir='ltr'><strong>quem</strong></span> <span class='ocrx_word' id='word_1_106' title='bbox 894 1543 1051 1621; x_wconf 79' lang='lat' dir='ltr'><strong>exscripsit</strong></span> <span class='ocrx_word' id='word_1_107' title='bbox 1073 1544 1186 1602; x_wconf 89' lang='lat' dir='ltr'><strong>invenit</strong></span> <span class='ocrx_word' id='word_1_108' title='bbox 1210 1545 1352 1623; x_wconf 90' lang='lat' dir='ltr'><strong>temporis</strong></span> 
     </span>
     <span class='ocr_line' id='line_1_13' title="bbox 202 1648 1351 1731; baseline 0.003 -23"><span class='ocrx_word' id='word_1_109' title='bbox 202 1649 423 1728; x_wconf 73' lang='lat' dir='ltr'><strong>discriptionem</strong></span> <span class='ocrx_word' id='word_1_110' title='bbox 447 1682 491 1692; x_wconf 88' lang='lat'>-</span> <span class='ocrx_word' id='word_1_111' title='bbox 520 1667 606 1728; x_wconf 93' lang='lat' dir='ltr'><strong>quam</strong></span> <span class='ocrx_word' id='word_1_112' title='bbox 637 1667 695 1709; x_wconf 92' lang='lat' dir='ltr'><strong>non</strong></span> <span class='ocrx_word' id='word_1_113' title='bbox 724 1649 868 1710; x_wconf 88' lang='lat' dir='ltr'><strong>adlectam</strong></span> <span class='ocrx_word' id='word_1_114' title='bbox 896 1668 962 1710; x_wconf 89' lang='lat' dir='ltr'><strong>esse</strong></span> <span class='ocrx_word' id='word_1_115' title='bbox 991 1648 1027 1709; x_wconf 91' lang='lat' dir='ltr'><strong>ab</strong></span> <span class='ocrx_word' id='word_1_116' title='bbox 1061 1667 1110 1731; x_wconf 85' lang='lat' dir='ltr'><strong>eo,</strong></span> <span class='ocrx_word' id='word_1_117' title='bbox 1143 1649 1194 1710; x_wconf 88' lang='lat' dir='ltr'><strong>sed</strong></span> <span class='ocrx_word' id='word_1_118' title='bbox 1223 1648 1259 1710; x_wconf 91' lang='lat' dir='ltr'><strong>ab</strong></span> <span class='ocrx_word' id='word_1_119' title='bbox 1286 1652 1351 1730; x_wconf 84' lang='lat' dir='ltr'><strong>Ipso</strong></span> 
     </span>
     <span class='ocr_line' id='line_1_14' title="bbox 200 1755 1351 1835; baseline 0.003 -20"><span class='ocrx_word' id='word_1_120' title='bbox 200 1773 313 1834; x_wconf 90' lang='lat' dir='ltr'><strong>pagano</strong></span> <span class='ocrx_word' id='word_1_121' title='bbox 336 1757 462 1835; x_wconf 89' lang='lat' dir='ltr'><strong>positam</strong></span> <span class='ocrx_word' id='word_1_122' title='bbox 481 1758 696 1818; x_wconf 90' lang='lat' dir='ltr'><strong>sententiarum</strong></span> <span class='ocrx_word' id='word_1_123' title='bbox 716 1755 788 1816; x_wconf 89' lang='lat' dir='ltr'><strong>ordo</strong></span> <span class='ocrx_word' id='word_1_124' title='bbox 812 1755 957 1816; x_wconf 89' lang='lat' dir='ltr'><strong>docet-</strong></span> <span class='ocrx_word' id='word_1_125' title='bbox 981 1763 1122 1817; x_wconf 93' lang='lat' dir='ltr'><strong>mutatam</strong></span> <span class='ocrx_word' id='word_1_126' title='bbox 1147 1764 1217 1817; x_wconf 83' lang='lat' dir='ltr'><strong>s&#39;uae</strong></span> <span class='ocrx_word' id='word_1_127' title='bbox 1238 1776 1351 1818; x_wconf 90' lang='lat' dir='ltr'><strong>accom-</strong></span> 
     </span>
     <span class='ocr_line' id='line_1_15' title="bbox 201 1857 1352 1944; baseline 0.002 -22"><span class='ocrx_word' id='word_1_128' title='bbox 201 1862 328 1922; x_wconf 84' lang='lat' dir='ltr'><strong>modavit</strong></span> <span class='ocrx_word' id='word_1_129' title='bbox 351 1857 480 1944; x_wconf 87' lang='lat' dir='ltr'><strong>aetati.¹)</strong></span> <span class='ocrx_word' id='word_1_130' title='bbox 516 1863 619 1942; x_wconf 90' lang='lat' dir='ltr'><strong>Neque</strong></span> <span class='ocrx_word' id='word_1_131' title='bbox 643 1881 714 1922; x_wconf 89' lang='lat' dir='ltr'><strong>vero</strong></span> <span class='ocrx_word' id='word_1_132' title='bbox 737 1865 896 1942; x_wconf 92' lang='lat' dir='ltr'><strong>quicquam</strong></span> <span class='ocrx_word' id='word_1_133' title='bbox 916 1881 984 1923; x_wconf 95' lang='lat' dir='ltr'><strong>eum</strong></span> <span class='ocrx_word' id='word_1_134' title='bbox 1009 1871 1138 1924; x_wconf 90' lang='lat' dir='ltr'><strong>mutasse</strong></span> <span class='ocrx_word' id='word_1_135' title='bbox 1162 1883 1270 1924; x_wconf 87' lang='lat' dir='ltr'><strong>censeo</strong></span> <span class='ocrx_word' id='word_1_136' title='bbox 1294 1867 1352 1924; x_wconf 90' lang='lat' dir='ltr'><strong>nisi</strong></span> 
     </span>
     <span class='ocr_line' id='line_1_16' title="bbox 201 1969 1350 2056; baseline 0.001 -26"><span class='ocrx_word' id='word_1_137' title='bbox 201 1969 279 2048; x_wconf 89' lang='lat' dir='ltr'><strong>qnod</strong></span> <span class='ocrx_word' id='word_1_138' title='bbox 312 1977 463 2031; x_wconf 88' lang='lat' dir='ltr'><strong>trecentos</strong></span> <span class='ocrx_word' id='word_1_139' title='bbox 492 1972 593 2049; x_wconf 89' lang='lat' dir='ltr'><strong>posuit</strong></span> <span class='ocrx_word' id='word_1_140' title='bbox 623 1988 730 2056; x_wconf 88' lang='lat' dir='ltr'><strong>annos,</strong></span> <span class='ocrx_word' id='word_1_141' title='bbox 761 1970 813 2031; x_wconf 95' lang='lat' dir='ltr'><strong>ubi</strong></span> <span class='ocrx_word' id='word_1_142' title='bbox 843 1970 964 2032; x_wconf 87' lang='lat' dir='ltr'><strong>ducenti</strong></span> <span class='ocrx_word' id='word_1_143' title='bbox 994 1973 1025 2031; x_wconf 94' lang='lat' dir='ltr'><strong>in</strong></span> <span class='ocrx_word' id='word_1_144' title='bbox 1055 1969 1157 2030; x_wconf 92' lang='lat' dir='ltr'><strong>codice</strong></span> <span class='ocrx_word' id='word_1_145' title='bbox 1188 1969 1350 2033; x_wconf 81' lang='lat' dir='ltr'><strong>exstabant.</strong></span> 
     </span>
     <span class='ocr_line' id='line_1_17' title="bbox 201 2076 1351 2161; baseline 0.001 -24"><span class='ocrx_word' id='word_1_146' title='bbox 201 2076 285 2148; x_wconf 87' lang='lat' dir='ltr'><strong>Quod</strong></span> <span class='ocrx_word' id='word_1_147' title='bbox 310 2077 335 2137; x_wconf 91' lang='lat' dir='ltr'><strong>si</strong></span> <span class='ocrx_word' id='word_1_148' title='bbox 359 2094 475 2138; x_wconf 88' lang='lat' dir='ltr'><strong>mecum</strong></span> <span class='ocrx_word' id='word_1_149' title='bbox 508 2078 614 2138; x_wconf 82' lang='lat' dir='ltr'><strong>statuis</strong></span> <span class='ocrx_word' id='word_1_150' title='bbox 642 2079 671 2137; x_wconf 95' lang='lat' dir='ltr'><strong>in</strong></span> <span class='ocrx_word' id='word_1_151' title='bbox 696 2077 893 2158; x_wconf 82' lang='lat' dir='ltr'><strong>Porphyrium</strong></span> <span class='ocrx_word' id='word_1_152' title='bbox 917 2077 1042 2157; x_wconf 86' lang='lat' dir='ltr'><strong>quadrat</strong></span> <span class='ocrx_word' id='word_1_153' title='bbox 1070 2087 1238 2157; x_wconf 89' lang='lat' dir='ltr'><strong>temporum</strong></span> <span class='ocrx_word' id='word_1_154' title='bbox 1267 2079 1351 2161; x_wconf 92' lang='lat' dir='ltr'><strong>ratio,</strong></span> 
     </span>
     <span class='ocr_line' id='line_1_18' title="bbox 202 2183 1350 2265; baseline 0.001 -21"><span class='ocrx_word' id='word_1_155' title='bbox 202 2202 289 2263; x_wconf 92' lang='lat' dir='ltr'><strong>quem</strong></span> <span class='ocrx_word' id='word_1_156' title='bbox 309 2185 471 2244; x_wconf 85' lang='lat' dir='ltr'><strong>refutatum</strong></span> <span class='ocrx_word' id='word_1_157' title='bbox 494 2202 560 2244; x_wconf 91' lang='lat' dir='ltr'><strong>esse</strong></span> <span class='ocrx_word' id='word_1_158' title='bbox 582 2203 597 2244; x_wconf 95' lang='lat' dir='ltr'><strong>a</strong></span> <span class='ocrx_word' id='word_1_159' title='bbox 616 2184 744 2245; x_wconf 80' lang='lat' dir='ltr'><strong>Macaria</strong></span> <span class='ocrx_word' id='word_1_160' title='bbox 763 2183 1004 2263; x_wconf 91' lang='lat' dir='ltr'><strong>Wagenmannus</strong></span> <span class='ocrx_word' id='word_1_161' title='bbox 1027 2186 1085 2244; x_wconf 93' lang='lat' dir='ltr'><strong>iam</strong></span> <span class='ocrx_word' id='word_1_162' title='bbox 1105 2186 1242 2265; x_wconf 88' lang='lat' dir='ltr'><strong>coniecit,</strong></span> <span class='ocrx_word' id='word_1_163' title='bbox 1265 2187 1350 2246; x_wconf 89' lang='lat' dir='ltr'><strong>cuius</strong></span> 
     </span>
     <span class='ocr_line' id='line_1_19' title="bbox 147 2290 1350 2372; baseline 0 -20"><span class='ocrx_word' id='word_1_164' title='bbox 147 2357 149 2360; x_wconf 64' lang='grc'><strong>,</strong></span> <span class='ocrx_word' id='word_1_165' title='bbox 200 2293 236 2353; x_wconf 93' lang='lat' dir='ltr'><strong>de</strong></span> <span class='ocrx_word' id='word_1_166' title='bbox 259 2290 423 2370; x_wconf 80' lang='lat' dir='ltr'><strong>Porphyris</strong></span> <span class='ocrx_word' id='word_1_167' title='bbox 447 2301 477 2352; x_wconf 89' lang='lat' dir='ltr'><strong>et</strong></span> <span class='ocrx_word' id='word_1_168' title='bbox 500 2291 672 2370; x_wconf 79' lang='lat' dir='ltr'><strong>fragmentis</strong></span> <span class='ocrx_word' id='word_1_169' title='bbox 701 2293 838 2371; x_wconf 77' lang='lat' dir='ltr'><strong>anonymi</strong></span> <span class='ocrx_word' id='word_1_170' title='bbox 865 2290 1038 2351; x_wconf 89' lang='lat' dir='ltr'><strong>Macarianis</strong></span> <span class='ocrx_word' id='word_1_171' title='bbox 1067 2299 1163 2352; x_wconf 84' lang='lat' dir='ltr'><strong>exstat</strong></span> <span class='ocrx_word' id='word_1_172' title='bbox 1189 2291 1350 2372; x_wconf 90' lang='lat' dir='ltr'><strong>disputatio</strong></span> 
     </span>
     <span class='ocr_line' id='line_1_20' title="bbox 199 2385 1349 2478; baseline -0.002 -18"><span class='ocrx_word' id='word_1_173' title='bbox 199 2385 231 2460; x_wconf 90' lang='lat' dir='ltr'><strong>in</strong></span> <span class='ocrx_word' id='word_1_174' title='bbox 254 2397 408 2459; x_wconf 87' lang='lat' dir='ltr'><strong>annalibus</strong></span> <span class='ocrx_word' id='word_1_175' title='bbox 426 2399 479 2478; x_wconf 86' lang='lat' dir='ltr'><strong>ils,</strong></span> <span class='ocrx_word' id='word_1_176' title='bbox 502 2400 554 2477; x_wconf 94' lang='lat' dir='ltr'><strong>qui</strong></span> <span class='ocrx_word' id='word_1_177' title='bbox 576 2397 782 2459; x_wconf 88' lang='lat' dir='ltr'><strong>inscribuntur</strong></span> <span class='ocrx_word' id='word_1_178' title='bbox 805 2397 992 2459; x_wconf 83' lang='lat' dir='ltr'><strong>Jahrbricber</strong></span> <span class='ocrx_word' id='word_1_179' title='bbox 1016 2399 1064 2458; x_wconf 84' lang='lat' dir='ltr'><strong>ltir</strong></span> <span class='ocrx_word' id='word_1_180' title='bbox 1087 2397 1230 2459; x_wconf 84' lang='lat' dir='ltr'><strong>deutsche</strong></span> <span class='ocrx_word' id='word_1_181' title='bbox 1254 2397 1349 2459; x_wconf 86' lang='lat' dir='ltr'><strong>Theo-</strong></span> 
     </span>
     <span class='ocr_line' id='line_1_21' title="bbox 199 2501 1349 2585; baseline 0.001 -20"><span class='ocrx_word' id='word_1_182' title='bbox 199 2506 284 2585; x_wconf 89' lang='lat' dir='ltr'><strong>logie.</strong></span> <span class='ocrx_word' id='word_1_183' title='bbox 307 2504 362 2565; x_wconf 87' lang='lat' dir='ltr'><strong>rol.</strong></span> <span class='ocrx_word' id='word_1_184' title='bbox 381 2503 483 2565; x_wconf 85' lang='lat' dir='ltr'>XXIII.</span> <span class='ocrx_word' id='word_1_185' title='bbox 509 2502 593 2566; x_wconf 77' lang='lat'>1878</span> <span class='ocrx_word' id='word_1_186' title='bbox 619 2505 688 2565; x_wconf 85' lang='lat' dir='ltr'><strong>fasc.</strong></span> <span class='ocrx_word' id='word_1_187' title='bbox 709 2501 738 2566; x_wconf 78' lang='lat'><strong>2.</strong></span> <span class='ocrx_word' id='word_1_188' title='bbox 766 2525 794 2584; x_wconf 94' lang='lat' dir='ltr'><strong>p.</strong></span> <span class='ocrx_word' id='word_1_189' title='bbox 809 2503 873 2566; x_wconf 79' lang='lat'><strong>269</strong></span> <span class='ocrx_word' id='word_1_190' title='bbox 885 2523 948 2584; x_wconf 92' lang='lat' dir='ltr'><strong>sqq.</strong></span> <span class='ocrx_word' id='word_1_191' title='bbox 995 2504 1110 2575; x_wconf 83' lang='lat' dir='ltr'><strong>Quibus</strong></span> <span class='ocrx_word' id='word_1_192' title='bbox 1139 2505 1175 2564; x_wconf 95' lang='lat' dir='ltr'><strong>de</strong></span> <span class='ocrx_word' id='word_1_193' title='bbox 1203 2506 1349 2585; x_wconf 89' lang='lat' dir='ltr'><strong>lragmen-</strong></span> 
     </span>
     <span class='ocr_line' id='line_1_22' title="bbox 199 2610 1349 2691; baseline 0.002 -19"><span class='ocrx_word' id='word_1_194' title='bbox 199 2615 237 2673; x_wconf 91' lang='lat' dir='ltr'><strong>tis</strong></span> <span class='ocrx_word' id='word_1_195' title='bbox 261 2630 328 2673; x_wconf 91' lang='lat' dir='ltr'><strong>cum</strong></span> <span class='ocrx_word' id='word_1_196' title='bbox 357 2614 526 2672; x_wconf 86' lang='lat' dir='ltr'><strong>accuratius</strong></span> <span class='ocrx_word' id='word_1_197' title='bbox 554 2610 625 2672; x_wconf 91' lang='lat' dir='ltr'><strong>mibi</strong></span> <span class='ocrx_word' id='word_1_198' title='bbox 654 2613 800 2691; x_wconf 89' lang='lat' dir='ltr'><strong>agendum</strong></span> <span class='ocrx_word' id='word_1_199' title='bbox 833 2614 871 2672; x_wconf 91' lang='lat' dir='ltr'><strong>sit</strong></span> <span class='ocrx_word' id='word_1_200' title='bbox 898 2614 930 2672; x_wconf 93' lang='lat' dir='ltr'><strong>in</strong></span> <span class='ocrx_word' id='word_1_201' title='bbox 958 2614 1137 2691; x_wconf 90' lang='lat' dir='ltr'><strong>scriptorum</strong></span> <span class='ocrx_word' id='word_1_202' title='bbox 1167 2611 1349 2674; x_wconf 87' lang='lat' dir='ltr'><strong>Graecorum</strong></span> 
     </span>
     <span class='ocr_line' id='line_1_23' title="bbox 199 2717 1348 2801; baseline 0 -21"><span class='ocrx_word' id='word_1_203' title='bbox 199 2721 250 2799; x_wconf 90' lang='lat' dir='ltr'><strong>qui</strong></span> <span class='ocrx_word' id='word_1_204' title='bbox 277 2718 473 2780; x_wconf 87' lang='lat' dir='ltr'><strong>Christianam</strong></span> <span class='ocrx_word' id='word_1_205' title='bbox 502 2721 750 2798; x_wconf 85' lang='lat' dir='ltr'><strong>impugnaverunt</strong></span> <span class='ocrx_word' id='word_1_206' title='bbox 781 2719 954 2798; x_wconf 81' lang='lat' dir='ltr'><strong>religionem</strong></span> <span class='ocrx_word' id='word_1_207' title='bbox 983 2717 1124 2779; x_wconf 90' lang='lat' dir='ltr'><strong>iasciculo</strong></span> <span class='ocrx_word' id='word_1_208' title='bbox 1154 2719 1261 2801; x_wconf 88' lang='lat' dir='ltr'><strong>altero,</strong></span> <span class='ocrx_word' id='word_1_209' title='bbox 1289 2738 1348 2799; x_wconf 92' lang='lat' dir='ltr'><strong>quo</strong></span> 
     </span>
     <span class='ocr_line' id='line_1_24' title="bbox 199 2803 1347 2906; baseline 0 -19"><span class='ocrx_word' id='word_1_210' title='bbox 199 2828 362 2906; x_wconf 78' lang='lat' dir='ltr'><strong>fragmenta</strong></span> <span class='ocrx_word' id='word_1_211' title='bbox 384 2825 541 2906; x_wconf 81' lang='lat' dir='ltr'><strong>Porphyrii</strong></span> <span class='ocrx_word' id='word_1_212' title='bbox 565 2834 595 2887; x_wconf 90' lang='lat' dir='ltr'><strong>et</strong></span> <span class='ocrx_word' id='word_1_213' title='bbox 618 2825 764 2887; x_wconf 87' lang='lat' dir='ltr'><strong>Hieroclis</strong></span> <span class='ocrx_word' id='word_1_214' title='bbox 788 2803 911 2887; x_wconf 88' lang='lat' dir='ltr'><strong>collecta</strong></span> <span class='ocrx_word' id='word_1_215' title='bbox 934 2833 1149 2906; x_wconf 86' lang='lat' dir='ltr'><strong>proponentur,</strong></span> <span class='ocrx_word' id='word_1_216' title='bbox 1172 2844 1252 2886; x_wconf 92' lang='lat' dir='ltr'><strong>nunc</strong></span> <span class='ocrx_word' id='word_1_217' title='bbox 1277 2829 1347 2887; x_wconf 90' lang='lat' dir='ltr'><strong>satis</strong></span> 
     </span>
     <span class='ocr_line' id='line_1_25' title="bbox 147 2931 1346 3014; baseline 0.001 -22"><span class='ocrx_word' id='word_1_218' title='bbox 147 2931 150 2934; x_wconf 77' lang='grc'><strong>’</strong></span> <span class='ocrx_word' id='word_1_219' title='bbox 198 2932 292 2993; x_wconf 91' lang='lat' dir='ltr'><strong>babeo</strong></span> <span class='ocrx_word' id='word_1_220' title='bbox 316 2933 375 2993; x_wconf 93' lang='lat' dir='ltr'><strong>dno</strong></span> <span class='ocrx_word' id='word_1_221' title='bbox 399 2939 571 3011; x_wconf 89' lang='lat' dir='ltr'><strong>argumenta</strong></span> <span class='ocrx_word' id='word_1_222' title='bbox 596 2932 738 3013; x_wconf 89' lang='lat' dir='ltr'><strong>attulisse,</strong></span> <span class='ocrx_word' id='word_1_223' title='bbox 762 2931 872 3012; x_wconf 92' lang='lat' dir='ltr'><strong>quibus</strong></span> <span class='ocrx_word' id='word_1_224' title='bbox 896 2934 1072 2994; x_wconf 88' lang='lat' dir='ltr'><strong>confirmare</strong></span> <span class='ocrx_word' id='word_1_225' title='bbox 1096 2951 1143 2993; x_wconf 90' lang='lat' dir='ltr'><strong>mc</strong></span> <span class='ocrx_word' id='word_1_226' title='bbox 1166 2951 1254 3012; x_wconf 88' lang='lat' dir='ltr'><strong>posse</strong></span> <span class='ocrx_word' id='word_1_227' title='bbox 1274 2943 1346 3014; x_wconf 92' lang='lat' dir='ltr'><strong>puto</strong></span> 
     </span>
     <span class='ocr_line' id='line_1_26' title="bbox 198 3038 1347 3120; baseline 0 -20"><span class='ocrx_word' id='word_1_228' title='bbox 198 3039 354 3120; x_wconf 80' lang='lat' dir='ltr'><strong>Porphyrii</strong></span> <span class='ocrx_word' id='word_1_229' title='bbox 378 3057 512 3118; x_wconf 91' lang='lat' dir='ltr'><strong>magnam</strong></span> <span class='ocrx_word' id='word_1_230' title='bbox 535 3047 650 3118; x_wconf 90' lang='lat' dir='ltr'><strong>partem</strong></span> <span class='ocrx_word' id='word_1_231' title='bbox 674 3058 690 3099; x_wconf 94' lang='lat' dir='ltr'><strong>a</strong></span> <span class='ocrx_word' id='word_1_232' title='bbox 713 3038 840 3101; x_wconf 90' lang='lat' dir='ltr'><strong>Macario</strong></span> <span class='ocrx_word' id='word_1_233' title='bbox 863 3039 950 3100; x_wconf 88' lang='lat' dir='ltr'><strong>nobis</strong></span> <span class='ocrx_word' id='word_1_234' title='bbox 973 3058 1039 3100; x_wconf 89' lang='lat' dir='ltr'><strong>esse</strong></span> <span class='ocrx_word' id='word_1_235' title='bbox 1063 3046 1217 3100; x_wconf 89' lang='lat' dir='ltr'><strong>servatam.</strong></span> <span class='ocrx_word' id='word_1_236' title='bbox 1254 3039 1287 3099; x_wconf 92' lang='lat' dir='ltr'><strong>ln</strong></span> <span class='ocrx_word' id='word_1_237' title='bbox 1312 3059 1347 3100; x_wconf 90' lang='lat' dir='ltr'><strong>co</strong></span> 
     </span>
     <span class='ocr_line' id='line_1_27' title="bbox 200 3142 1347 3228; baseline -0.002 -20"><span class='ocrx_word' id='word_1_238' title='bbox 200 3149 287 3228; x_wconf 87' lang='lat' dir='ltr'><strong>enim,</strong></span> <span class='ocrx_word' id='word_1_239' title='bbox 310 3147 347 3207; x_wconf 93' lang='lat' dir='ltr'><strong>de</strong></span> <span class='ocrx_word' id='word_1_240' title='bbox 367 3165 426 3226; x_wconf 92' lang='lat' dir='ltr'><strong>quo</strong></span> <span class='ocrx_word' id='word_1_241' title='bbox 446 3147 533 3207; x_wconf 91' lang='lat' dir='ltr'><strong>modo</strong></span> <span class='ocrx_word' id='word_1_242' title='bbox 554 3149 600 3226; x_wconf 92' lang='lat' dir='ltr'><strong>egi</strong></span> <span class='ocrx_word' id='word_1_243' title='bbox 619 3146 783 3225; x_wconf 81' lang='lat' dir='ltr'><strong>fragmento</strong></span> <span class='ocrx_word' id='word_1_244' title='bbox 806 3166 835 3226; x_wconf 93' lang='lat' dir='ltr'><strong>p.</strong></span> <span class='ocrx_word' id='word_1_245' title='bbox 855 3142 907 3227; x_wconf 84' lang='lat'><strong>54,</strong></span> <span class='ocrx_word' id='word_1_246' title='bbox 926 3142 947 3208; x_wconf 84' lang='lat'>5</span> <span class='ocrx_word' id='word_1_247' title='bbox 970 3145 1050 3207; x_wconf 89' lang='lat' dir='ltr'><strong>mille</strong></span> <span class='ocrx_word' id='word_1_248' title='bbox 1074 3153 1195 3206; x_wconf 90' lang='lat' dir='ltr'><strong>centum</strong></span> <span class='ocrx_word' id='word_1_249' title='bbox 1218 3154 1248 3206; x_wconf 89' lang='lat' dir='ltr'><strong>et</strong></span> <span class='ocrx_word' id='word_1_250' title='bbox 1267 3153 1347 3206; x_wconf 90' lang='lat' dir='ltr'><strong>octo·</strong></span> 
     </span>
     <span class='ocr_line' id='line_1_28' title="bbox 198 3251 1347 3335; baseline -0.002 -20"><span class='ocrx_word' id='word_1_251' title='bbox 198 3257 278 3335; x_wconf 93' lang='lat' dir='ltr'><strong>ginta</strong></span> <span class='ocrx_word' id='word_1_252' title='bbox 301 3256 386 3315; x_wconf 92' lang='lat' dir='ltr'><strong>annis</strong></span> <span class='ocrx_word' id='word_1_253' title='bbox 409 3261 477 3332; x_wconf 90' lang='lat' dir='ltr'><strong>post</strong></span> <span class='ocrx_word' id='word_1_254' title='bbox 504 3253 594 3314; x_wconf 81' lang='lat' dir='ltr'><strong>blesis</strong></span> <span class='ocrx_word' id='word_1_255' title='bbox 618 3260 743 3313; x_wconf 88' lang='lat' dir='ltr'><strong>mortem</strong></span> <span class='ocrx_word' id='word_1_256' title='bbox 772 3271 824 3313; x_wconf 90' lang='lat' dir='ltr'><strong>sua</strong></span> <span class='ocrx_word' id='word_1_257' title='bbox 848 3251 958 3312; x_wconf 84' lang='lat' dir='ltr'><strong>Esdras</strong></span> <span class='ocrx_word' id='word_1_258' title='bbox 987 3251 1097 3311; x_wconf 91' lang='lat' dir='ltr'><strong>dicitur</strong></span> <span class='ocrx_word' id='word_1_259' title='bbox 1126 3254 1347 3332; x_wconf 87' lang='lat' dir='ltr'><strong>conscripsisse.</strong></span> 
     </span>
     <span class='ocr_line' id='line_1_29' title="bbox 198 3358 1348 3438; baseline -0.002 -17"><span class='ocrx_word' id='word_1_260' title='bbox 198 3360 255 3421; x_wconf 90' lang='lat' dir='ltr'><strong>Ubi</strong></span> <span class='ocrx_word' id='word_1_261' title='bbox 277 3362 399 3421; x_wconf 91' lang='lat' dir='ltr'><strong>minime</strong></span> <span class='ocrx_word' id='word_1_262' title='bbox 422 3361 566 3420; x_wconf 84' lang='lat' dir='ltr'><strong>intererat</strong></span> <span class='ocrx_word' id='word_1_263' title='bbox 593 3362 670 3420; x_wconf 90' lang='lat' dir='ltr'><strong>scire</strong></span> <span class='ocrx_word' id='word_1_264' title='bbox 694 3366 836 3438; x_wconf 89' lang='lat' dir='ltr'><strong>quantum</strong></span> <span class='ocrx_word' id='word_1_265' title='bbox 865 3359 971 3420; x_wconf 87' lang='lat' dir='ltr'><strong>luisset</strong></span> <span class='ocrx_word' id='word_1_266' title='bbox 994 3366 1112 3437; x_wconf 89' lang='lat' dir='ltr'><strong>tempus</strong></span> <span class='ocrx_word' id='word_1_267' title='bbox 1135 3360 1214 3419; x_wconf 89' lang='lat' dir='ltr'><strong>inter</strong></span> <span class='ocrx_word' id='word_1_268' title='bbox 1236 3358 1348 3419; x_wconf 83' lang='lat' dir='ltr'><strong>Mosam</strong></span> 
     </span>
     <span class='ocr_line' id='line_1_30' title="bbox 199 3465 1348 3549; baseline -0.003 -19"><span class='ocrx_word' id='word_1_269' title='bbox 199 3477 229 3530; x_wconf 87' lang='lat' dir='ltr'><strong>ct</strong></span> <span class='ocrx_word' id='word_1_270' title='bbox 242 3468 377 3549; x_wconf 83' lang='lat' dir='ltr'><strong>Esdram,</strong></span> <span class='ocrx_word' id='word_1_271' title='bbox 396 3467 505 3529; x_wconf 92' lang='lat' dir='ltr'><strong>nedum</strong></span> <span class='ocrx_word' id='word_1_272' title='bbox 522 3485 597 3546; x_wconf 89' lang='lat' dir='ltr'><strong>opus</strong></span> <span class='ocrx_word' id='word_1_273' title='bbox 609 3468 718 3527; x_wconf 77' lang='lat' dir='ltr'><strong>luisset</strong></span> <span class='ocrx_word' id='word_1_274' title='bbox 737 3475 796 3527; x_wconf 93' lang='lat' dir='ltr'><strong>tam</strong></span> <span class='ocrx_word' id='word_1_275' title='bbox 812 3473 948 3527; x_wconf 89' lang='lat' dir='ltr'><strong>accurata</strong></span> <span class='ocrx_word' id='word_1_276' title='bbox 964 3474 1131 3544; x_wconf 88' lang='lat' dir='ltr'><strong>temporum</strong></span> <span class='ocrx_word' id='word_1_277' title='bbox 1147 3465 1348 3545; x_wconf 89' lang='lat' dir='ltr'><strong>discriptione.</strong></span> 
     </span>
     <span class='ocr_line' id='line_1_31' title="bbox 199 3572 1348 3655; baseline -0.002 -19"><span class='ocrx_word' id='word_1_278' title='bbox 199 3575 274 3647; x_wconf 85' lang='lat' dir='ltr'><strong>Quid</strong></span> <span class='ocrx_word' id='word_1_279' title='bbox 299 3576 389 3654; x_wconf 91' lang='lat' dir='ltr'><strong>igitur</strong></span> <span class='ocrx_word' id='word_1_280' title='bbox 412 3573 601 3634; x_wconf 86' lang='lat' dir='ltr'><strong>verisImilius</strong></span> <span class='ocrx_word' id='word_1_281' title='bbox 632 3592 718 3652; x_wconf 92' lang='lat' dir='ltr'><strong>quam</strong></span> <span class='ocrx_word' id='word_1_282' title='bbox 743 3572 779 3634; x_wconf 91' lang='lat' dir='ltr'><strong>ab</strong></span> <span class='ocrx_word' id='word_1_283' title='bbox 803 3592 838 3633; x_wconf 89' lang='lat' dir='ltr'><strong>eo</strong></span> <span class='ocrx_word' id='word_1_284' title='bbox 866 3572 946 3634; x_wconf 92' lang='lat' dir='ltr'><strong>hunc</strong></span> <span class='ocrx_word' id='word_1_285' title='bbox 973 3573 1071 3633; x_wconf 91' lang='lat' dir='ltr'><strong>locum</strong></span> <span class='ocrx_word' id='word_1_286' title='bbox 1101 3591 1165 3634; x_wconf 91' lang='lat' dir='ltr'><strong>esse</strong></span> <span class='ocrx_word' id='word_1_287' title='bbox 1194 3574 1348 3655; x_wconf 90' lang='lat' dir='ltr'><strong>scriptum,</strong></span> 
     </span>
     <span class='ocr_line' id='line_1_32' title="bbox 198 3679 1349 3762; baseline -0.001 -20"><span class='ocrx_word' id='word_1_288' title='bbox 198 3685 249 3761; x_wconf 91' lang='lat' dir='ltr'><strong>qui</strong></span> <span class='ocrx_word' id='word_1_289' title='bbox 272 3689 440 3761; x_wconf 92' lang='lat' dir='ltr'><strong>temporum</strong></span> <span class='ocrx_word' id='word_1_290' title='bbox 463 3680 627 3741; x_wconf 87' lang='lat' dir='ltr'><strong>rationibus</strong></span> <span class='ocrx_word' id='word_1_291' title='bbox 656 3679 832 3741; x_wconf 86' lang='lat' dir='ltr'><strong>definIendis</strong></span> <span class='ocrx_word' id='word_1_292' title='bbox 856 3682 1011 3740; x_wconf 83' lang='lat' dir='ltr'><strong>maximam</strong></span> <span class='ocrx_word' id='word_1_293' title='bbox 1035 3698 1156 3760; x_wconf 91' lang='lat' dir='ltr'><strong>operam</strong></span> <span class='ocrx_word' id='word_1_294' title='bbox 1184 3688 1349 3762; x_wconf 84' lang='lat' dir='ltr'><strong>navaverat,</strong></span> 
     </span>
     <span class='ocr_line' id='line_1_33' title="bbox 198 3785 1347 3869; baseline -0.003 -20"><span class='ocrx_word' id='word_1_295' title='bbox 198 3792 248 3869; x_wconf 91' lang='lat' dir='ltr'><strong>qui</strong></span> <span class='ocrx_word' id='word_1_296' title='bbox 276 3792 339 3869; x_wconf 89' lang='lat' dir='ltr'><strong>ipse</strong></span> <span class='ocrx_word' id='word_1_297' title='bbox 364 3806 482 3866; x_wconf 91' lang='lat' dir='ltr'><strong>quoque</strong></span> <span class='ocrx_word' id='word_1_298' title='bbox 511 3805 587 3866; x_wconf 90' lang='lat' dir='ltr'><strong>opus</strong></span> <span class='ocrx_word' id='word_1_299' title='bbox 610 3785 852 3866; x_wconf 88' lang='lat' dir='ltr'><strong>chronologicum</strong></span> <span class='ocrx_word' id='word_1_300' title='bbox 875 3788 1109 3866; x_wconf 86' lang='lat' dir='ltr'><strong>conscripserat,</strong></span> <span class='ocrx_word' id='word_1_301' title='bbox 1136 3787 1164 3846; x_wconf 94' lang='lat' dir='ltr'><strong>b.</strong></span> <span class='ocrx_word' id='word_1_302' title='bbox 1189 3805 1213 3847; x_wconf 93' lang='lat' dir='ltr'><strong>e.</strong></span> <span class='ocrx_word' id='word_1_303' title='bbox 1236 3805 1252 3847; x_wconf 94' lang='lat' dir='ltr'><strong>a</strong></span> <span class='ocrx_word' id='word_1_304' title='bbox 1276 3786 1347 3846; x_wconf 90' lang='lat' dir='ltr'><strong>Por-</strong></span> 
     </span>
     <span class='ocr_line' id='line_1_34' title="bbox 196 3890 1348 3976; baseline -0.002 -20"><span class='ocrx_word' id='word_1_305' title='bbox 196 3892 323 3976; x_wconf 79' lang='lat' dir='ltr'><strong>phyrio?</strong></span> <span class='ocrx_word' id='word_1_306' title='bbox 365 3895 460 3965; x_wconf 81' lang='lat' dir='ltr'><strong>Qurem</strong></span> <span class='ocrx_word' id='word_1_307' title='bbox 485 3902 583 3955; x_wconf 92' lang='lat' dir='ltr'><strong>autem</strong></span> <span class='ocrx_word' id='word_1_308' title='bbox 611 3896 726 3973; x_wconf 90' lang='lat' dir='ltr'><strong>potiore</strong></span> <span class='ocrx_word' id='word_1_309' title='bbox 750 3896 864 3954; x_wconf 90' lang='lat' dir='ltr'><strong>ratione</strong></span> <span class='ocrx_word' id='word_1_310' title='bbox 893 3901 1057 3953; x_wconf 89' lang='lat' dir='ltr'><strong>statuemus</strong></span> <span class='ocrx_word' id='word_1_311' title='bbox 1086 3912 1113 3972; x_wconf 92' lang='lat' dir='ltr'><strong>p.</strong></span> <span class='ocrx_word' id='word_1_312' title='bbox 1133 3890 1177 3954; x_wconf 83' lang='lat'><strong>94</strong></span> <span class='ocrx_word' id='word_1_313' title='bbox 1191 3913 1233 3972; x_wconf 93' lang='lat' dir='ltr'><strong>sq.</strong></span> <span class='ocrx_word' id='word_1_314' title='bbox 1261 3894 1348 3954; x_wconf 89' lang='lat' dir='ltr'><strong>vehe-</strong></span> 
     </span>
     <span class='ocr_line' id='line_1_35' title="bbox 196 4000 1347 4081; baseline -0.003 -17"><span class='ocrx_word' id='word_1_315' title='bbox 196 4004 380 4063; x_wconf 89' lang='lat' dir='ltr'><strong>mentissime</strong></span> <span class='ocrx_word' id='word_1_316' title='bbox 399 4003 548 4062; x_wconf 89' lang='lat' dir='ltr'><strong>invectum</strong></span> <span class='ocrx_word' id='word_1_317' title='bbox 568 4020 633 4062; x_wconf 92' lang='lat' dir='ltr'><strong>esse</strong></span> <span class='ocrx_word' id='word_1_318' title='bbox 658 4003 689 4061; x_wconf 91' lang='lat' dir='ltr'><strong>in</strong></span> <span class='ocrx_word' id='word_1_319' title='bbox 708 4008 925 4061; x_wconf 89' lang='lat' dir='ltr'><strong>sacramentum</strong></span> <span class='ocrx_word' id='word_1_320' title='bbox 945 4001 1079 4079; x_wconf 88' lang='lat' dir='ltr'><strong>corporis</strong></span> <span class='ocrx_word' id='word_1_321' title='bbox 1099 4001 1248 4081; x_wconf 91' lang='lat' dir='ltr'><strong>dominici,</strong></span> <span class='ocrx_word' id='word_1_322' title='bbox 1268 4000 1347 4078; x_wconf 94' lang='lat' dir='ltr'><strong>quod</strong></span> 
     </span>
     <span class='ocr_line' id='line_1_36' title="bbox 196 4107 1346 4188; baseline -0.003 -19"><span class='ocrx_word' id='word_1_323' title='bbox 196 4112 322 4170; x_wconf 91' lang='lat' dir='ltr'><strong>immane</strong></span> <span class='ocrx_word' id='word_1_324' title='bbox 352 4115 432 4168; x_wconf 89' lang='lat' dir='ltr'><strong>esset</strong></span> <span class='ocrx_word' id='word_1_325' title='bbox 459 4107 586 4169; x_wconf 84' lang='lat' dir='ltr'><strong>hominis</strong></span> <span class='ocrx_word' id='word_1_326' title='bbox 615 4127 703 4169; x_wconf 91' lang='lat' dir='ltr'><strong>carne</strong></span> <span class='ocrx_word' id='word_1_327' title='bbox 731 4107 881 4168; x_wconf 85' lang='lat' dir='ltr'><strong>hommem</strong></span> <span class='ocrx_word' id='word_1_328' title='bbox 905 4109 997 4188; x_wconf 89' lang='lat' dir='ltr'><strong>vesci,</strong></span> <span class='ocrx_word' id='word_1_329' title='bbox 1028 4125 1115 4186; x_wconf 90' lang='lat' dir='ltr'><strong>quam</strong></span> <span class='ocrx_word' id='word_1_330' title='bbox 1140 4124 1208 4167; x_wconf 89' lang='lat' dir='ltr'><strong>eum</strong></span> <span class='ocrx_word' id='word_1_331' title='bbox 1232 4109 1283 4186; x_wconf 92' lang='lat' dir='ltr'><strong>qui</strong></span> <span class='ocrx_word' id='word_1_332' title='bbox 1311 4107 1346 4166; x_wconf 90' lang='lat' dir='ltr'><strong>ab</strong></span> 
     </span>
     <span class='ocr_line' id='line_1_37' title="bbox 197 4213 1345 4295; baseline -0.003 -18"><span class='ocrx_word' id='word_1_333' title='bbox 197 4214 371 4277; x_wconf 88' lang='lat' dir='ltr'><strong>animalibus</strong></span> <span class='ocrx_word' id='word_1_334' title='bbox 394 4218 514 4276; x_wconf 90' lang='lat' dir='ltr'><strong>omnino</strong></span> <span class='ocrx_word' id='word_1_335' title='bbox 542 4215 661 4277; x_wconf 90' lang='lat' dir='ltr'><strong>iuberet</strong></span> <span class='ocrx_word' id='word_1_336' title='bbox 683 4215 846 4295; x_wconf 89' lang='lat' dir='ltr'><strong>abstinere,</strong></span> <span class='ocrx_word' id='word_1_337' title='bbox 875 4215 960 4274; x_wconf 88' lang='lat' dir='ltr'><strong>cuius</strong></span> <span class='ocrx_word' id='word_1_338' title='bbox 983 4215 1072 4274; x_wconf 91' lang='lat' dir='ltr'><strong>etiam</strong></span> <span class='ocrx_word' id='word_1_339' title='bbox 1100 4232 1155 4274; x_wconf 91' lang='lat' dir='ltr'><strong>nos</strong></span> <span class='ocrx_word' id='word_1_340' title='bbox 1182 4213 1345 4292; x_wconf 91' lang='lat' dir='ltr'><strong>gaudemus</strong></span> 
     </span>
     <span class='ocr_line' id='line_1_38' title="bbox 197 4318 888 4403; baseline -0.003 -19"><span class='ocrx_word' id='word_1_341' title='bbox 197 4330 337 4403; x_wconf 89' lang='lat' dir='ltr'><strong>quattuor</strong></span> <span class='ocrx_word' id='word_1_342' title='bbox 361 4321 444 4382; x_wconf 86' lang='lat' dir='ltr'><strong>libris</strong></span> <span class='ocrx_word' id='word_1_343' title='bbox 467 4320 540 4398; x_wconf 80' lang='grc' dir='ltr'>περὶ</span> <span class='ocrx_word' id='word_1_344' title='bbox 563 4318 688 4399; x_wconf 86' lang='grc' dir='ltr'>ἀποχῆς</span> <span class='ocrx_word' id='word_1_345' title='bbox 711 4318 888 4397; x_wconf 64' lang='grc' dir='ltr'>ἐμψύχωνῖ</span> 
     </span>
    </p>
   </div>
   <div class='ocr_carea' id='block_1_3' title="bbox 197 4423 410 4438">
    <p class='ocr_par' dir='ltr' id='par_1_3' title="bbox 197 4423 410 4438">
     <span class='ocr_line' id='line_1_39' title="bbox 197 4423 410 4438; baseline -0.005 0"><span class='ocrx_word' id='word_1_346' title='bbox 197 4423 410 4438; x_wconf 59' lang='lat' dir='ltr'><strong>..n-..n——u--d</strong></span> 
     </span>
    </p>
   </div>
   <div class='ocr_carea' id='block_1_4' title="bbox 268 4455 1116 4529">
    <p class='ocr_par' dir='ltr' id='par_1_4' title="bbox 268 4455 1116 4529">
     <span class='ocr_line' id='line_1_40' title="bbox 268 4455 1116 4529; baseline 0.001 -17"><span class='ocrx_word' id='word_1_347' title='bbox 268 4459 294 4527; x_wconf 89' lang='lat'><strong>1)</strong></span> <span class='ocrx_word' id='word_1_348' title='bbox 314 4457 355 4513; x_wconf 84' lang='lat' dir='ltr'><strong>De</strong></span> <span class='ocrx_word' id='word_1_349' title='bbox 374 4456 490 4513; x_wconf 81' lang='lat' dir='ltr'><strong>Macarii</strong></span> <span class='ocrx_word' id='word_1_350' title='bbox 508 4459 602 4513; x_wconf 80' lang='lat' dir='ltr'><strong>aetate</strong></span> <span class='ocrx_word' id='word_1_351' title='bbox 621 4457 656 4512; x_wconf 85' lang='lat' dir='ltr'><strong>cf.</strong></span> <span class='ocrx_word' id='word_1_352' title='bbox 675 4455 876 4529; x_wconf 77' lang='lat' dir='ltr'><strong>digressionem</strong></span> <span class='ocrx_word' id='word_1_353' title='bbox 897 4455 970 4511; x_wconf 81' lang='lat' dir='ltr'><strong>infra</strong></span> <span class='ocrx_word' id='word_1_354' title='bbox 987 4455 1116 4526; x_wconf 85' lang='lat' dir='ltr'><strong>positam.</strong></span> 
     </span>
    </p>
   </div>
   <div class='ocr_carea' id='block_1_5' title="bbox 0 0 1602 4904">
    <p class='ocr_par' dir='ltr' id='par_1_5' title="bbox 0 0 1602 4904">
     <span class='ocr_line' id='line_1_41' title="bbox 0 0 1602 4904; baseline 0 3"><span class='ocrx_word' id='word_1_355' title='bbox 0 0 1602 4904; x_wconf 95' lang='lat' dir='ltr'><strong> </strong></span> 
     </span>
    </p>
   </div>
  </div>
 </body>
</html>
