3192 4906
603 281 643 335 De
663 281 764 337 Iuliani
783 279 917 337 librorum
935 284 1008 338 fetis.
1335 286 1378 350 85

775 446 827 510 46.

318 575 361 635 Ειι
385 575 488 635 Leont.
513 583 543 634 et
566 573 665 634 Ioann.
689 593 717 654 p.
737 571 788 635 94.
825 569 876 636 Ἐκ
898 576 956 635 τοῦ
986 566 1025 650 ιη’
1055 571 1176 652 βιβλίου
1204 577 1270 638 τῶν
1298 576 1378 640 κατὰ

172 721 176 726 κ
228 677 441 764 ’λουλιανοῦ.1)
874 721 889 750 0

316 785 466 849 τἘκα(το(
484 789 551 848 τῶν
570 785 622 849 ἐπὶ
641 789 696 864 τῆ(
714 790 772 863 γῆ(
791 789 858 849 τῶν
877 785 994 850 ἑαυτοῦ
1008 786 1197 865 θελημάτιυν
1216 786 1377 872 διέλαχεό)

226 893 284 956 τὰ(
307 891 397 970 ἡνία(
421 891 471 955 καὶ
499 891 670 969 ἑθελοντὴ(
693 895 712 971 ἢ
735 891 796 956 τὰν
818 896 837 972 ἢ
862 890 1145 978 intruvie1u1‚³)
1173 895 1334 958 τουτέετιν
1357 897 1376 974 ἢ

189 1001 204 1024 ·
226 999 280 1062 ἐπὶ
303 996 420 1077 ἀρετὴν
442 1001 462 1077 ἢ
486 997 567 1076 πρό(
590 1018 627 1075 γε
651 999 690 1061 τὰ
713 999 818 1076 χείρω.

772 1159 824 1222 47.

315 1286 358 1346 Εκ
382 1286 485 1346 Leont.
505 1295 535 1346 et
558 1285 656 1346 loann.
680 1305 707 1365 p.
729 1284 800 1348 108.
842 1282 892 1348 Ἐκ
919 1287 977 1347 τοῦ
1006 1279 1045 1363 ιη’
1074 1284 1175 1361 λόγου
1203 1289 1269 1350 τῶν
1297 1287 1377 1350 κατὰ

226 1386 439 1473 noeumane)

230 1511 233 1516 ’
316 1498 392 1562 Τοῖ(
415 1497 473 1560 οὐκ
491 1495 598 1574 ἔχοντι
623 1496 693 1575 βίον
715 1497 774 1560 τόν
793 1497 913 1576 ἐπιεικῆ
937 1498 989 1560 καὶ
1011 1501 1270 1578 τεθαυμα(μένον
1294 1522 1375 1580 φορ-

222 1606 321 1683 τικὸν,
340 1603 385 1668 ὡ(
399 1603 492 1682 ἔοικε,
511 1604 549 1667 τό
569 1601 748 1683 εὐδοκιμεῖν
762 1603 893 1682 ἑτέρου(
908 1603 1024 1686 εὐῑωίᾳ
1038 1605 1089 1667 καὶ
1103 1603 1215 1690 ἀρετῇ·
1235 1606 1376 1687 ἔγκλημα

223 1711 285 1790 γὰρ
304 1715 360 1790 τῆ(
380 1710 505 1775 ἑαυτῶν
524 1709 729 1790 φαυλότητο(
747 1715 915 1774 ποιοῦνται
934 1712 1087 1790 χρήματα,
1106 1711 1157 1775 καὶ
1171 1717 1241 1778 ταῖ(
1255 1713 1376 1792 ἑτέρων

192 1801 197 1812 ’
224 1818 379 1884 εὐκλείαι(
402 1819 642 1896 ἐπηρεθιεμένοι
665 1819 723 1897 τὴν
746 1823 802 1896 τῆ(
828 1813 1027 1902 pecuariae)
1052 1816 1232 1903 ὠδίνουαθ)
1257 1819 1374 1898 φλόγα.

223 1924 326 1988 καίτοι
344 1926 467 2003 μᾶλλον
495 1925 593 2004 ἐχρῆν
621 1927 796 2002 Ζηλοῡντα(
825 1923 948 1989 ἑλέ(θαι
970 1925 1008 1989 τό
1032 1923 1163 2004 ἄμεινον
1191 1926 1242 1989 καὶ
1269 1925 1376 1989 πάντα

224 2031 368 2096 (είοντα(
388 2026 527 2114 κάλωνῗ)
547 2029 732 2108 ἀμιλλᾱεθαι
752 2033 861 2108 φιλεῖν
874 2035 943 2095 τοῖ(
957 2029 1021 2095 ὧδε
1042 2035 1208 2110 λαμπροῖ(,
1228 2031 1266 2095 οὐ
1282 2035 1374 2110 φιλο-

224 2137 343 2218 ψογία(
367 2139 553 2217 ποιή(α(Θαι
576 2136 737 2216 πρόφα(ιν
761 2137 781 2200 ἃ
805 2143 984 2216 κατορθοῦν
1007 2138 1048 2202 οὐ
1071 2135 1301 2221 δεδύνηνταιθ)

770 2315 821 2378 48.

290 2501 292 2506 ,
313 2441 454 2503 Eiusdem
478 2461 514 2503 er
537 2441 613 2502 libro
637 2441 738 2502 xviri.
775 2441 849 2503 Cum
868 2440 999 2502 lulianus
1019 2442 1203 2503 Christianos
1227 2445 1375 2525 irrideret,

223 2549 302 2630 quod
328 2556 471 2629 martyres
495 2548 639 2630 colerent,
663 2548 736 2609 dixit
759 2542 816 2632 (sc.
835 2541 975 2629 Cyrillus)
999 2548 1054 2609 hoc
1079 2548 1179 2611 modo:

313 2656 415 2736 Neque
444 2657 522 2716 enirn
551 2664 685 2716 mortuos
713 2655 837 2716 colimus
871 2662 904 2714 nt
932 2655 1002 2715 deos
1036 2673 1133 2734 neque
1162 2655 1364 2718 adorationem

222 2783 299 2845 quae
322 2763 383 2824 Deo
408 2761 492 2822 nobis
515 2761 655 2842 debetur,
683 2761 852 2823 hominibus
880 2762 1040 2823 tribuimus
1068 2781 1164 2842 neque
1189 2762 1368 2842 martyribus

222 2872 333 2932 sanctis
364 2870 564 2948 precationem
592 2870 772 2948 porrigimus
800 2878 851 2929 aut
878 2867 999 2928 abnuis
1026 2870 1156 2947 petimus
1185 2868 1260 2928 bona
1290 2888 1364 2948 quae

223 2979 303 3038 Deus
335 2977 471 3057 largitur,
503 2975 555 3036 sed
587 2975 767 3036 honoramus
798 2976 896 3054 potius
930 2973 1004 3035 tales
1037 2984 1154 3035 sanctos
1187 2977 1279 3056 viros,
1314 2979 1365 3055 qui

221 3084 313 3145 fidem
341 3091 534 3144 servaverunt
562 3091 592 3143 et
619 3081 818 3162 pulcherrime
848 3083 981 3142 coronati
1014 3089 1084 3141 sunt
1112 3081 1204 3160 gioria
1232 3081 1373 3160 pulchrae

296 3257 322 3325 1)
342 3257 489 3309 Ἰουλιανοῡ
507 3253 638 3323 Mignius.
659 3255 806 3308 Ἰουλιανόν
826 3253 924 3308 Maius.

294 3348 321 3413 2)
342 3346 449 3410 διέλαχε
468 3343 575 3413 scripsi.
594 3344 718 3408 διέλαχεν
737 3342 837 3397 Maius.

294 3436 321 3501 3)
339 3433 411 3487 ἵεται
429 3430 535 3500 scripsi.
553 3431 623 3484 ieron
642 3429 741 3485 Maius.

295 3524 322 3591 4)
342 3523 489 3575 Ἰουλιανοῡ
509 3519 637 3589 Mignius.
658 3521 806 3574 Ἰουλιανόν
825 3518 923 3573 Maius.

294 3611 321 3678 5)
342 3607 486 3675 βαεκανία(
504 3607 635 3678 Mignius.
656 3604 811 3675 βαεκανίαι(
829 3607 926 3662 Maius.

214 3755 216 3762 ,
295 3702 322 3768 6)
341 3697 469 3752 ὠδίνουει
487 3695 618 3767 Mignins.
639 3698 775 3751 ὠδόνουα
794 3695 892 3752 Maius.

295 3791 322 3858 7)
341 3789 447 3842 πάντα(
460 3788 554 3842 ἰόντα(
564 3789 648 3842 καλὸν
659 3786 758 3843 Maius.
772 3788 865 3840 πάντα
874 3785 998 3841 (είοντα(
1008 3787 1100 3840 κάλων
1111 3785 1244 3855 Mignius.
1264 3787 1372 3842 Lauda-

220 3881 269 3933 tur
297 3876 344 3932 hic
368 3875 465 3947 cyrilli
488 3877 565 3932 loeus
589 3874 674 3930 etium
698 3874 727 3928 in
751 3875 908 3945 Georgidae
932 3875 1112 3944 gnomologio
1137 3876 1245 3944 (anecd.
1266 3876 1374 3930 Graece

220 3968 266 4024 ed.
285 3965 456 4022 Boissonede
475 3968 487 4020 I
506 3986 534 4037 p.
555 3969 599 4036 98)
619 3966 672 4020 ito:
702 3967 759 4032 Χρὴ
784 3969 887 4032 μᾶλλον
908 3968 1061 4032 ζηλοῦντα(
1080 3965 1185 4018 ἑλέεθαι
1208 3966 1242 4018 τό
1261 3967 1373 4031 ἄμεινον

220 4059 266 4111 καλ
289 4057 395 4110 πάντα(
418 4055 512 4109 ἰόντα(
530 4057 615 4110 καλὸν
634 4056 792 4122 όμιλλᾱ(θαι
811 4058 901 4122 φιλεῖν
923 4061 982 4108 τοῑ(
1006 4055 1061 4107 ιλιδε
1085 4056 1227 4121 λαμπροὶ(
1265 4053 1297 4106 Ιιι
1317 4070 1371 4121 quo

220 4143 403 4216 gnomologio
423 4143 508 4198 etiam
527 4143 576 4197 aiii
593 4142 690 4213 Cyrilli
709 4142 765 4197 loci
779 4141 972 4210 inveniuntur,
991 4130 1109 4198 fortusse
1127 4158 1161 4196 ex
1180 4141 1259 4196 libris
1274 4143 1371 4195 contra

218 4232 360 4288 Iulianum
383 4232 556 4303 deprompti,
580 4249 649 4302 quos
674 4249 728 4286 non
752 4231 857 4301 recepi,
882 4232 956 4301 quod
980 4232 1059 4287 deest
1081 4230 1236 4301 inscriptio.
1274 4229 1372 4298 Neque

220 4322 373 4393 quicquam
392 4337 426 4375 ex
444 4320 478 4374 iis
498 4321 532 4375 de
552 4320 653 4375 iuliani
672 4318 818 4374 sententiis
837 4319 936 4374 elucet.

295 4413 322 4482 8)
341 4413 507 4478 δεδύνηνται
525 4409 654 4480 Mignius.
675 4411 823 4476 δεδύνηται
841 4407 941 4464 Maius.
