3192 4906
516 294 559 350 ne
577 281 680 350 ulan
698 294 790 350 vernn
808 294 1016 350 manuacense.
1278 294 1341 356 141
1407 340 1411 347 ,

196 461 255 526 τὸν
277 459 491 541 ἀνθρώπινον.
531 463 588 525 Ubi
616 482 718 525 vocem
748 460 818 541 βίον
846 466 878 524 10
905 463 985 525 voitu
1013 461 1183 524 mutandam
1211 481 1278 524 esse
1306 481 1343 524 ex

196 582 338 653 apparatu
361 575 466 636 critico
485 573 521 634 ad
545 572 563 634 l.
581 573 600 634 l.
623 572 785 654 apparebit
823 572 926 651 Neque
949 580 1049 632 tamen
1068 572 1141 630 oriri
1162 573 1260 650 potuit
1278 589 1342 631 eor·

197 680 323 762 ruptela,
345 683 403 742 nisi
426 683 484 742 iam
506 683 538 741 in
557 680 717 760 archetype
742 679 917 740 minusculis
939 678 1047 740 litteris
1066 685 1184 738 exarato
1207 676 1343 755 111100οβ

197 787 301 850 similis
324 788 432 849 luisset
453 788 569 849 litterae
591 787 698 849 latinae
723 806 750 862 μ,
795 786 875 866 Ergo
894 785 1012 848 codices
1035 803 1132 863 neque
1157 784 1361 864 Capnioneus'

198 912 295 974 neque
318 897 384 956 eius
411 895 590 974 archetypus
617 903 685 955 ante
714 893 865 954 saeculum
883 892 932 953 IX.
961 894 1065 970 scripti
1092 900 1170 952 sunt.
1210 890 1343 973 Accedit,

196 1001 276 1082 quod
299 1021 327 1082 p.
351 999 433 1063 49A
462 1021 497 1063 ex
520 1000 739 1081 Oecolampadii
762 1003 899 1062 versione
922 1009 1011 1061 etex
1034 1000 1183 1080 scriptura
1207 998 1343 1059 codicum

197 1107 444 1170 80001010001011
473 1117 503 1169 et
529 1108 710 1170 Venetorum
741 1106 773 1169 Μ
800 1115 830 1168 et
851 1106 889 1188 V,
917 1125 991 1186 quos
1016 1107 1164 1185 'originem
1191 1108 1342 1186 accepisse
1365 1161 1387 1184 ,2

114 1201 121 1209 ’
195 1214 232 1276 ab
251 1217 316 1294 ipso
335 1214 438 1276 codice
456 1213 624 1294 Gapnioneo
643 1215 721 1275 inira
740 1213 958 1294 demonstrabo,
978 1213 1168 1274 efficiendum
1187 1219 1232 1273 est
1251 1213 1343 1273 luisse

194 1324 227 1383 in
250 1320 419 1402 Capnioneo
443 1322 622 1401 scripturam
643 1317 888 1398 παραβάλωμεν.
921 1319 954 1380 10
978 1339 1038 1399 quo
1062 1319 1118 1381 luit
1136 1317 1343 1396 παραβαλὼν,

195 1429 222 1488 si
244 1427 356 1489 codicis
374 1427 601 1489 MonacensisB
625 1428 746 1488 alteram
770 1445 890 1488 manum
913 1435 1038 1506 spectas.
1070 1426 1099 1488 ls
1118 1435 1231 1509 autem,
1254 1444 1344 1506 quem

195 1553 232 1595 ex
245 1534 347 1595 codice
359 1534 528 1614 (lapnioneo
539 1534 657 1595 ductam
675 1535 840 1614 scripturae
853 1536 1026 1594 varietatem
1041 1536 1072 1594 in
1086 1536 1218 1613 margine
1232 1533 1344 1594 codicis

195 1640 381 1701 Monacensis
404 1641 560 1702 adnotasse
584 1660 638 1702 suo
662 1641 726 1701 loco
752 1639 969 1701 ostendendum
993 1641 1064 1720 erit,
1093 1642 1134 1700 ita
1158 1658 1259 1701 errare
1283 1657 1343 1700 000

195 1749 306 1827 potuit,
329 1749 387 1809 nisi
414 1747 557 1824 litteren
582 1748 700 1810 litterae
722 1765 742 1809 ν
766 1745 950 1833 minusculae
977 1747 1089 1806 formae
1118 1746 1174 1808 luit
1197 1747 1344 1808 simillima

196 1862 228 1915 et
245 1853 412 1916 litterarum
432 1873 468 1917 εν
487 1849 752 1938 abbreviatio(<)
776 1873 867 1934 super
884 1853 1014 1914 litteram
1034 1854 1165 1932 aposita
1182 1854 1340 1933 paulloque

195 1961 400 2041 neglegentius
430 1971 548 2023 exarata
582 1981 650 2024 cum
682 1970 808 2022 accentu
839 1962 921 2040 gravi
950 1959 1093 2020 confundi
1124 1958 1209 2020 laeilo
1237 1963 1343 2040 potuit.

84 2123 85 2128 ,
196 2067 279 2140 Quae
303 2067 497 2151 abbreviatio,
525 2089 613 2149 quam
641 2071 768 2131 inveniri
795 2071 827 2128 10
854 2067 918 2128 cod.
942 2065 1065 2127 Vindob.
1088 2065 1159 2146 pbil.
1183 2063 1249 2128 314
1271 2069 1341 2128 anni

195 2172 264 2236 924
286 2194 322 2236 ex
342 2174 559 2237 Gardthauseni
579 2174 803 2256 palaeographia
823 2173 935 2235 Graeca
953 2193 981 2253 p.
1000 2169 1066 2234 245
1081 2191 1124 2252 sq.
1148 2175 1289 2255 comperi,
1312 2175 1343 2234 in

196 2279 349 2343 codicibus
369 2282 476 2344 litteris
496 2283 666 2345 maiusculis
685 2284 805 2362 scriptis
824 2299 884 2342 non
903 2279 1106 2342 adhibebatur,
1138 2280 1213 2342 Ante
1233 2299 1343 2342 annum

195 2397 297 2450 antem
322 2385 407 2451 1343
435 2389 637 2470 Capnioneum
666 2397 818 2450 exaratum
846 2406 912 2449 esse
940 2387 1008 2448 inde
1035 2386 1230 2468 intellegitur,
1264 2387 1343 2467 quod

196 2504 270 2557 tune
293 2496 386 2558 codex
408 2496 540 2559 Venetus
564 2497 587 2555 V
611 2500 758 2558 siminus
782 2497 818 2557 dc
842 2498 916 2575 ipso,
940 2503 1073 2556 atcerte
1097 2493 1134 2554 de
1157 2496 1251 2574 ipsius
1274 2513 1342 2574 apo-

195 2595 310 2683 grapho
332 2603 500 2683 descriptus
520 2613 574 2666 est.
605 2603 708 2684 Neque
727 2606 849 2664 omnino
868 2601 958 2662 llllll.
978 2601 1096 2662 saeculo
1114 2601 1232 2662 videtur
1250 2600 1344 2661 codex

197 2729 263 2771 esse
283 2710 469 2792 tribuendus,
488 2729 576 2790 quem
595 2713 688 2772 mirae
705 2713 889 2790 antiquitatis
903 2728 969 2770 esse
985 2727 1009 2768 a.
1026 2706 1111 2770 1528
1126 2708 1201 2769 dixit
1211 2708 1344 2770 Andreas

197 2817 368 2878 Cratander.
404 2817 465 2879 lam
493 2836 564 2880 vero
595 2822 684 2880 etiam
717 2818 850 2880 codicem
877 2817 1022 2878 Venetum
1050 2815 1082 2877 Μ
1111 2834 1147 2876 ex
1175 2814 1344 2895 Capnioneo

197 2924 381 3005 descriptum
400 2945 465 2987 esse
485 2926 562 2988 inlra
581 2925 799 2987 demonstrabo.
832 2923 913 2995 Quae
932 2941 1001 2984 cum
1019 2925 1060 2982 ita
1079 2924 1152 3003 sint,
1170 2921 1345 3002 deperditus

197 3049 258 3110 quo
282 3031 527 3113 Oecolampadins
549 3051 623 3094 usus
646 3042 693 3094 est
715 3031 818 3112 (lyrilli
840 3031 933 3091 codex
958 3029 1068 3090 saeculi
1086 3027 1257 3093 lit-xlll.
1281 3030 1343 3089 init.

197 3138 291 3198 luisse
315 3138 491 3200 statuendus
514 3147 568 3198 est

288 3244 349 3306 lam
371 3265 441 3306 vero
469 3245 616 3325 agendum
639 3244 725 3306 nobis
743 3243 789 3305 de
812 3246 850 3305 iis
872 3242 974 3323 Cvrilli
997 3240 1163 3321 codicibus,
1181 3243 1233 3321 qui
1255 3243 1344 3303 etiam

197 3369 279 3413 nunc
298 3360 415 3414 exstant
432 3354 464 3412 in
478 3351 578 3413 ltaliae
592 3352 729 3412 lustriae
744 3350 917 3411 Germaniae
932 3348 1102 3411 Britanniae
1117 3346 1226 3408 Galliae
1240 3346 1344 3428 llispa·

197 3462 316 3521 uiarum
338 3458 535 3521 bibliothecis.

290 3561 324 3648 1)
348 3565 380 3629 Μ
401 3575 446 3628 est
465 3565 557 3627 codex
576 3561 744 3627 Venetus
762 3559 979 3626 Marcianus
997 3559 1074 3645 123,
1097 3564 1129 3626 in
1148 3563 1207 3647 lol,
1224 3561 1344 3648 bomby-

197 3677 299 3757 cinus,
321 3673 370 3734 lol.
395 3671 468 3736 153.
491 3691 566 3735 sace.
590 3664 665 3734 Xlll.
698 3672 836 3734 Continet
859 3690 881 3731 s.
905 3670 1005 3750 Cyrilli
1027 3669 1108 3732 1100.
1132 3681 1235 3734 contra
1258 3672 1344 3736 lulia-

199 3799 271 3842 num
299 3779 391 3841 libros
418 3780 520 3843 decem
549 3799 617 3842 cum
640 3781 801 3861 prooemio.
842 3779 885 3840 [le
913 3797 972 3859 quo
995 3779 1097 3840 codice
1120 3797 1145 3839 v.
1169 3779 1345 3862 Zanettium,

200 3888 312 3949 Graeca
336 3887 368 3948 ll.
387 3887 479 3949 Marci
502 3887 679 3949 bibliotheca
700 3905 728 3967 p.
750 3884 800 3947 11.
837 3885 946 3947 Totum
964 3886 1098 3948 codicem
1116 3904 1140 3946 a.
1162 3883 1246 3948 1818
1271 3895 1343 3948 tern-
1415 3866 1419 3871 ’
1456 3854 1463 3860 .

200 4013 273 4076 pore
296 3994 426 4075 pasebali
449 3998 513 4076 ipse
535 3994 667 4056 Venetiis
690 4011 758 4054 cum
782 3992 911 4053 editione
929 3993 1075 4072 Migniana
1099 3987 1217 4072 (patrol,
1241 3992 1343 4055 Graec.

200 4102 255 4164 vol.
277 4096 333 4186 16)
353 4101 473 4163 contuli.
509 4100 639 4162 Litterae
657 4118 675 4161 r
695 4118 759 4160 eam
779 4101 950 4179 saepissime
969 4098 1093 4178 praebet
1110 4099 1244 4180 sormam,
1267 4118 1344 4179 quae

199 4211 232 4270 10
255 4208 364 4270 tabulis
383 4207 625 4270 Gardthausianis
648 4209 778 4286 primum
795 4208 827 4266 in
846 4205 947 4266 codiee
966 4223 991 4264 a.
1013 4200 1096 4266 1231
1122 4214 1273 4286 comparet
1291 4200 1343 4287 (01.

201 4315 322 4376 Gardtb.
345 4314 364 4376 1.
386 4314 406 4376 l.
430 4313 487 4375 tab.
511 4307 555 4397 9).
592 4313 660 4374 Fuit
683 4313 776 4374 codex
800 4312 949 4392 quondam
971 4311 1128 4372 cardinalis
1149 4312 1343 4395 Bessarionis,

201 4424 253 4500 001
276 4425 306 4481 10
331 4424 463 4499 margine
485 4421 591 4501 multa,
614 4424 644 4480 in
668 4420 828 4481 verborum
851 4427 992 4480 contextu
1014 4437 1162 4502 perpauca
1185 4418 1343 4503 adnotavit,
1452 4477 1455 4485 .
