3192 4906
551 300 593 356 De
611 299 714 354 Iuliani
731 299 809 355 libris
828 299 1014 355 restituendis.
1292 302 1354 364 121

185 515 186 518 η
215 469 335 527 stianos.
376 465 414 527 Et
443 466 644 546 apostolorum
673 465 794 545 quidem
826 468 975 528 neminem
1002 486 1107 528 ausum
1136 487 1201 529 esse
1229 469 1362 533 divinum
1451 551 1453 556 Ι

118 619 122 624 .
215 573 279 633 lesu
301 573 444 632 honorem
464 572 595 634 tribuere
619 575 677 632 uisi
695 572 847 653 loannem3
871 581 901 633 ei
920 593 958 634 ue
976 574 1056 635 hunc
1078 576 1206 656 quidem,
1230 577 1254 634 si
1279 583 1361 635 recte

215 679 350 740 dicerent
374 679 608 740 Christianorum
632 679 766 740 nonnulli
790 698 850 740 non
876 680 1004 740 eundem
1028 699 1093 742 esse
1117 682 1214 742 lesum
1238 680 1360 740 Nazare-

215 805 286 848 num
301 795 389 865 atque
404 805 472 846 eum
487 803 576 864 quem
595 785 684 846 deum
703 785 844 847 coluisset
858 786 983 847 loannes
996 785 1124 868 Logum3
1141 788 1180 866 ig.
1195 783 1362 866 32lhsqq.

216 891 314 954 3333
331 911 394 972 sqq.
441 892 537 970 Atque
560 912 589 970 p.
604 890 702 952 32713
730 911 765 952 eo
790 893 869 971 quod
897 907 965 973 post
987 891 1159 970 ἐτόλμηεεν
1183 891 1285 956 εἰπεῖν
1312 894 1362 954 ali-

216 999 288 1077 quid
312 1001 399 1079 spatii
423 1018 548 1060 vacuum
567 1018 632 1059 esse
652 998 744 1059 voluit
762 998 921 1078 hubertus,
944 1000 1141 1078 colligendum
1160 1001 1276 1062 videtur
1295 1019 1361 1060 esse

216 1109 277 1166 visa
301 1108 329 1165 ei
352 1124 418 1166 esse
446 1106 535 1166 verba
558 1103 650 1182 μικρὰ
678 1103 712 1167 δὲ
742 1103 843 1168 εἰπὼν
865 1105 926 1167 κτὲ.
956 1107 1057 1187 Cyrilli
1084 1125 1149 1168 esse
1178 1115 1359 1187 excerptum.

217 1211 310 1282 Quem
336 1215 431 1272 secuti
454 1211 524 1273 s‘unt
549 1213 744 1292 spanhemius
763 1212 952 1292 burgensius.
990 1215 1123 1286 Quorum
1147 1214 1221 1275 alter
1245 1209 1277 1273 ‘ii
1297 1235 1313 1293 y
1332 1210 1366 1274 a'

216 1321 312 1396 inquit
336 1315 386 1378 ‘ici
409 1339 467 1380 ime
490 1319 603 1379 lacune.
641 1319 670 1379 S.
691 1318 797 1398 Cyrille
820 1319 903 1400 place
923 1339 974 1382 ces
996 1320 1113 1401 paroles
1137 1320 1209 1381 dans
1232 1321 1259 1382 le
1283 1330 1363 1382 terte

216 1426 253 1486 de
275 1425 384 1487 iulien:
409 1423 501 1501 μικρὰ
524 1423 559 1486 δὲ
583 1422 684 1487 εἰπὼν
707 1423 780 1501 περὶ
803 1421 951 1488 Ἰωάννου
975 1423 1049 1488 xre?
1086 1427 1189 1506 Neque
1213 1446 1283 1487 vero
1308 1447 1361 1488 suo

216 1535 281 1594 iure
305 1533 334 1592 id
359 1541 501 1594 statuunt.
538 1531 650 1592 Vocum
675 1534 753 1593 enim
778 1529 878 1594 εἰπὼν
902 1543 933 1594 et
951 1532 1027 1610 (pqci
1050 1533 1219 1596 subiectum
1243 1545 1365 1614 apparet
1431 1607 1434 1615 Ι

217 1658 282 1700 esse
306 1658 366 1700 non
386 1639 540 1719 lulianum,
563 1639 615 1699 sed
634 1639 775 1700 ioannem
794 1640 1010 1718 evangelistam.
1030 1674 1073 1684 -
1096 1641 1138 1701 hc
1161 1660 1197 1702 ne
1221 1641 1276 1701 elia
1300 1644 1364 1720 qui*
1418 1648 1429 1679 x

217 1746 284 1806 dem
307 1748 338 1805 in
361 1765 394 1807 re
413 1748 583 1806 consentire
602 1745 674 1806 dicit
692 1745 824 1806 lulianus
844 1765 894 1806 eos
919 1749 971 1825 qui
989 1748 1082 1827 ipsius
1106 1755 1240 1826 tempore
1259 1734 1365 1809 'essent

218 1852 401 1912 Christianos
423 1871 491 1913 cum
511 1851 627 1933 placitis
646 1852 855 1932 apostolorum.
894 1853 1079 1924 Quinetiam
1104 1853 1223 1933 abipso
1244 1854 1361 1918 Christo

217 1967 380 2039 martyrum
408 1959 520 2020 cultum
544 1977 610 2018 esse
634 1957 876 2040 condemnatum3
899 1956 964 2021 335
979 1959 1002 2018 B
1017 1978 1080 2038 sqq.
1117 1959 1241 2020 Brevius
1265 1969 1364 2021 autern

219 2064 334 2124 reddita
353 2075 424 2126 sunt
438 2065 577 2144 aCyrillo
597 2083 639 2138 ea,
659 2083 734 2144 quae
749 2061 853 2126 3351)
874 2075 1041 2144 sequuntur
1060 2065 1148 2126 verba
1168 2063 1364 2128 ἐπικαλεῖεθε

217 2168 275 2231 τὸν
303 2168 392 2244 θεόν;
426 2171 547 2232 Deditos
579 2180 678 2233 eutem
711 2190 777 2232 esse
810 2171 993 2233 Christianos
1026 2172 1205 2252 martyribus
1233 2172 1365 2234 colendis

216 2287 339 2358 propter
359 2280 500 2356 magicam
519 2281 576 2338 vim
594 2277 814 2358 sepulcrorum3
832 2279 870 2356 ig.
887 2275 985 2338 33913
1000 2297 1063 2356 sqq.
1102 2279 1165 2350 Qua
1180 2279 1364 2358 digressione

219 2386 299 2446 finita
318 2385 354 2445 ad
372 2387 467 2464 ipsam
491 2380 721 2464 disputationem
740 2384 818 2444 redit
836 2384 975 2445 lulianus.
1008 2385 1093 2446 Nunc
1113 2387 1262 2466 vituperat
1281 2387 1363 2447 Chri-

218 2495 338 2573 stianos,
362 2493 441 2571 quod
461 2511 544 2552 sacra
567 2511 691 2572 prorsus
713 2510 773 2552 non
796 2491 913 2572 iaciant,
936 2510 1004 2552 cum
1024 2503 1109 2553 antea
1127 2492 1164 2554 de
1188 2493 1250 2553 solo
1275 2495 1363 2554 sacri-

217 2600 283 2659 ficio
306 2598 479 2678 placationis
503 2598 592 2659 verba
615 2600 728 2660 iecerit.
765 2597 868 2676 Neque
898 2598 1099 2678 accipiendam
1124 2598 1360 2661 Christianorum

218 2706 437 2785 defensionem,
465 2709 562 2785 ignem
591 2725 650 2766 non
678 2705 804 2786 amplius
832 2705 869 2765 de
893 2705 974 2765 caelo
1002 2705 1196 2786 descendere3
1225 2706 1253 2766 id
1284 2707 1362 2785 quod

218 2811 263 2871 bis
291 2820 407 2872 tentum
440 2812 596 2893 accidisse,
628 2814 712 2892 prius
739 2800 843 2885 Mosis',
875 2813 1025 2891 posterius
1057 2810 1138 2871 Eliae
1170 2811 1364 2892 temporibus.

218 2917 325 2978 lohere
348 2926 447 2979 autem
470 2919 583 2979 Mosem
606 2921 704 2998 ignem
728 2918 880 2978 sacrificiis
903 2919 1021 2998 inferri3
1050 2936 1146 2997 neque
1171 2917 1256 2979 aliter
1279 2926 1365 2979 antea

218 3023 365 3084 Abraham
394 3027 522 3089 sensisse
547 3025 625 3085 effici
653 3044 689 3085 ex
717 3026 845 3104 ratione,
873 3043 930 3102 qua
954 3023 1034 3083 Isaac
1062 3026 1209 3103 paraverit
1236 3024 1366 3086 immola-

219 3133 339 3191 tionem.
382 3130 535 3192 Postulare
563 3139 662 3192 autem
691 3131 779 3192 deum
807 3129 975 3192 animalium
1004 3131 1147 3190 sacrificia
1174 3129 1305 3208 intellegi
1324 3149 1365 3190 ex

218 3255 320 3298 sacrae
350 3240 514 3317 scripturae
543 3238 579 3298 de
604 3238 675 3298 Cain
704 3247 734 3299 et
756 3237 830 3298 Abel
858 3238 1040 3318 narratione3
1070 3237 1258 3316 repudiatum
1287 3239 1366 3298 enim

219 3365 285 3406 esse
305 3347 482 3406 sacrificium
502 3345 582 3426 Cain,
607 3347 686 3424 quod
706 3364 765 3406 non
784 3347 875 3406 fuerit
894 3343 1071 3405 animalium,
1109 3343 1249 3422 Exposita
1268 3351 1368 3406 eutem

218 3453 291 3512 haec
320 3460 389 3512 sunt
422 3453 601 3530 fragmentis
623 3450 720 3514 343u
736 3471 800 3531 sqq.
813 3449 923 3512 3461}
938 3469 1001 3530 sqq.
1049 3451 1116 3529 Peg.
1145 3457 1244 3510 autem
1268 3446 1367 3513 3431}

122 3561 125 3568 '
220 3578 307 3618 voces
331 3554 384 3619 διὰ
408 3556 553 3634 βραχέων
577 3561 713 3637 sequitur
735 3557 836 3638 Cyrilii
860 3565 1042 3636 excerptum,
1066 3556 1143 3634 quod
1169 3574 1202 3616 ea
1226 3557 1367 3636 continet,

220 3685 296 3744 quae
325 3675 426 3745 postea
452 3665 489 3743 ig.
504 3661 603 3725 346Ε
631 3667 704 3743 ipsis
729 3665 832 3726 iuliani
860 3663 958 3724 verbis
982 3663 1186 3743 disputantur;
1213 3670 1368 3742 praeterea

220 3780 319 3833 autem
338 3771 426 3831 verba
441 3767 724 3847 duopvqpovedcuc
743 3775 798 3848 τῆ(
818 3768 869 3833 ἐπί
888 3789 925 3845 γε
941 3773 987 3850 τῷ
1003 3764 1105 3833 'leudos
1118 3765 1263 3844 icropiuc.
1296 3769 1366 3828 lndo

220 3881 357 3957 sequitur
375 3878 509 3938 lacunam
529 3897 594 3963 esse
614 3879 800 3939 statuendam
820 3881 898 3939 inter
917 3878 1080 3956 fragmenta
1099 3873 1196 3936 3430
1216 3884 1246 3936 et
1260 3873 1324 3937 346
1334 3875 1367 3956 E,
1437 3953 1439 3958 Ι

221 4002 278 4064 qua
302 3987 410 4046 omissa
434 3993 480 4045 est
503 3984 602 4045 brevis
625 3984 661 4044 de
679 3985 766 4063 isaac
790 3986 927 4044 narratio.

309 4091 383 4152 liein
399 4092 435 4152 de
450 4093 677 4152 circumcisione
697 4092 802 4170 agitur,
822 4109 879 4168 qua
894 4089 1053 4150 Christiani
1071 4107 1131 4148 non
1151 4097 1281 4169 utantur,
1300 4106 1368 4151 cum

221 4217 273 4260 cor
296 4197 525 4272 circumcidere,
552 4216 610 4258 non
636 4215 755 4257 carnem
779 4198 900 4258 iusserit
923 4194 1041 4256 Paulus.
1078 4194 1180 4274 Neque
1211 4203 1307 4255 tamen
1331 4194 1367 4254 de

221 4305 276 4366 alia
299 4307 331 4366 in
351 4305 471 4366 loedere
491 4324 545 4366 suo
564 4305 653 4366 deum
672 4314 702 4364 et
720 4304 866 4365 Abraham
886 4305 1030 4381 cogitasse
1050 4304 1106 4362 nisi
1125 4303 1223 4362 carnis
1242 4303 1367 4363 circum·

221 4414 347 4493 cisione3
379 4411 458 4490 quod
487 4413 586 4491 rumpi
613 4410 718 4472 foedus
750 4413 847 4490 ipsum
876 4409 1026 4470 Christum
1053 4409 1191 4468 vetuisse.
1232 4405 1295 4469 Hoc
1323 4415 1370 4470 est
1432 4411 1434 4421 '
