3194 4904
578 314 619 368 De
637 312 739 368 Iuliani
756 313 892 368 librorum
909 314 984 369 faiis.
1308 317 1353 380 43

295 478 373 540 Satis
402 480 528 560 amplam
557 481 792 560 fragmentorum
825 483 932 541 seriem
961 499 1029 541 cum
1060 499 1096 541 ex
1127 480 1211 543 libris
1243 483 1353 544 Graece

207 588 343 667 servatis
372 594 435 646 tum
464 605 500 647 ex
527 589 564 647 iis
593 589 643 665 qui
673 587 783 648 Graece
813 589 870 646 iam
898 587 1010 649 dudum
1038 591 1207 671 perierunt,
1242 590 1355 670 Syriaci

206 693 237 754 hi
256 693 374 754 codices
399 692 484 754 nobis
508 701 675 773 praestant3
698 713 795 773 neque
818 703 918 755 tamen
936 693 1071 755 Fabricio
1096 697 1235 756 assentiri
1259 695 1353 756 audeo

207 819 222 860 e
244 799 317 860 locis
337 799 487 861 nonnullis
502 800 579 879 upud
593 801 706 861 Mosem
725 800 778 860 bar
793 800 921 879 Cepbam
941 801 1066 862 laudatis
1086 799 1244 882 colligenti,
1264 805 1354 862 totius

207 906 356 987 Cyrilliani
379 909 478 987 operis
502 909 667 968 versionem
697 906 845 986 qnondam
869 907 945 988 apud
971 907 1061 987 Syros
1084 910 1242 969 exstitisse.
1281 907 1354 968 Nam

240 1026 272 1114 1)
297 1034 393 1092 omnia
423 1031 485 1091 lere
513 1032 676 1110 fragmenta
704 1050 740 1091 ex
769 1050 828 1092 uno
857 1032 937 1092 fonte
966 1025 1064 1111 (codd.
1094 1028 1159 1114 ΑΒ)
1188 1033 1351 1114 prodeunt;

296 1139 373 1219 apud
405 1146 521 1200 ceteros
555 1138 645 1218 Syros
682 1138 789 1199 horum
825 1138 970 1200 librorum
1006 1142 1053 1199 vix
1090 1139 1183 1201 ullum
1219 1142 1352 1201 invenies

296 1248 467 1325 vestigium3

240 1365 277 1453 2)
300 1371 402 1450 plenas
426 1373 575 1432 exstitisse
594 1374 747 1432 versiones
766 1375 898 1434 omnium
919 1372 1098 1452 scriptorum
1118 1373 1298 1434 Graecorum
1324 1375 1354 1432 in

296 1477 520 1539 collectionibus
543 1471 604 1539 AB
628 1478 813 1540 laudatorum
837 1483 884 1539 vix
909 1482 971 1541 veri
995 1479 1089 1540 simile
1114 1487 1166 1540 est.

238 1609 273 1694 3)
297 1612 359 1673 Mar
388 1612 510 1691 Sergius
539 1603 690 1694 eollo»,
719 1615 804 1674 cuius
833 1632 929 1692 neque
958 1614 1082 1692 patriam
1107 1631 1204 1693 neque
1228 1621 1353 1675 aetatem

296 1729 406 1787 scimus
444 1720 517 1807 (nisi
546 1727 626 1788 idem
656 1736 702 1789 est
731 1746 765 1787 ac
796 1723 858 1788 Mar
889 1728 1025 1810 SergiuS,
1061 1727 1150 1788 abbas
1180 1729 1352 1789 Monasterii

295 1834 436 1916 Arubum,
465 1837 550 1894 cuins
579 1842 721 1896 tractatus
750 1835 892 1896 adversus
920 1842 1083 1897 sectatores
1111 1835 1196 1897 Pauli
1219 1855 1234 1896 e
1264 1836 1354 1896 Roth

295 1941 450 2002 Ulvlvame
472 1941 607 2022 lissam,
622 1942 653 2002 B.
669 1942 701 2002 0.
717 1943 752 2022 ll,
767 1940 817 2004 69.
833 1940 912 2034 33i]
933 1945 964 2004 iu
983 1943 1087 2003 eodem
1107 1942 1208 2004 codice
1229 1944 1248 2002 l.
1266 1940 1353 2004 teob

296 2044 460 2130 laudatur),
493 2048 551 2109 duo
582 2056 696 2109 tantum
730 2047 831 2127 Cyrilli
859 2048 966 2129 libros,
999 2051 1121 2108 tertium
1149 2056 1179 2108 et
1207 2057 1354 2130 quartum,

299 2158 471 2236 cognovisse
499 2155 629 2236 videtur,
659 2173 750 2235 quum
774 2174 809 2214 ex
837 2157 874 2215 iis
898 2155 968 2215 solis
997 2157 1160 2215 sententias
1184 2154 1285 2234 Cyrilli
1313 2156 1353 2216 al-

297 2264 372 2323 lerat
396 2257 463 2344 (lrr.
487 2257 621 2343 2-10).

240 2383 275 2470 4)
299 2388 496 2466 fragmentum
517 2384 560 2447 22
578 2405 594 2445 a
614 2386 724 2447 Severo
743 2385 895 2447 Edesseno
919 2382 964 2470 (eb
989 2383 1068 2469 861)
1093 2394 1242 2448 servatum
1266 2388 1369 2449 alium‘

298 2501 504 2564 translatorem
519 2501 618 2580 prodit
634 2487 735 2588 (lui
749 2521 802 2582 pro
816 2488 925 2589 laub
949 2503 1017 2563 inde
1033 2503 1175 2564 Severum
1190 2507 1356 2565 versionem

299 2621 447 2698 Syriacam
462 2619 624 2699 ignorasse,
638 2636 674 2678 ex
689 2620 753 2697 ipso
765 2618 876 2679 Graeco
892 2626 974 2680 textu
990 2619 1177 2680 transtulisse
1188 2619 1355 2680 concludas.

298 2745 340 2804 Ad
371 2742 588 2805 diiudicanlam
623 2744 826 2821 quaestionem
857 2750 993 2803 accurata
1031 2742 1213 2803 collectionis
1242 2746 1273 2803 in
1304 2744 1356 2804 ΑΒ

210 2860 342 2912 servatae
366 2851 590 2928 investigatione
615 2867 690 2928 opus
713 2858 772 2930 est,
801 2867 888 2928 quam
916 2851 1073 2909 instituere
1097 2849 1145 2909 hic
1169 2833 1298 2930 neque03
1326 2851 1355 2911 id

209 2968 322 3039 tamen,
350 2957 428 3036 quod
457 2956 584 3017 Fabricii
616 2958 748 3036 opinioni
777 2957 873 3015 lavere
904 2955 1036 3037 videtur,
1063 2955 1190 3016 lectores
1219 2959 1356 3034 ignorare

211 3065 292 3144 nolo,
321 3063 455 3125 vertendi
483 3081 576 3140 genus
604 3065 635 3121 in
663 3061 709 3126 bis
738 3062 911 3140 fragmentis
940 3055 997 3141 (22
1026 3055 1163 3143 excepto)
1193 3062 1356 3123 exhibitum

210 3173 289 3232 idem
312 3172 439 3231 inveniri
468 3169 544 3248 apud
574 3187 642 3229 eum
666 3171 717 3248 qui
741 3167 874 3228 elustlem
898 3166 997 3247 Cyrilli
1022 3169 1051 3226 in
1076 3167 1184 3228 Lucam
1209 3187 1357 3229 commen-

211 3281 302 3339 tarios
327 3277 445 3357 Syriaco
470 3279 624 3338 convertit.
674 3276 698 3335 Ε
722 3277 825 3355 paucis
850 3274 932 3354 Syris
961 3282 1020 3354 est,
1045 3277 1095 3352 qui
1119 3293 1240 3334 sensum
1265 3279 1356 3354 magis

211 3402 299 3463 quam
323 3384 436 3463 singula
461 3382 548 3443 verbu
572 3382 774 3443 reddiderunt.
807 3381 869 3460 ligo
889 3384 919 3441 in
939 3380 1088 3441 vertendis
1109 3380 1236 3460 Syriacis
1257 3385 1356 3443 minus

210 3493 330 3553 Latinae
360 3509 447 3570 quam
477 3491 612 3570 Syriacae
641 3490 756 3569 linguae
786 3491 930 3550 rationem
953 3488 1058 3569 habui3
1086 3491 1117 3549 in
1149 3489 1357 3550 constituendo

211 3607 293 3660 textu
313 3593 511 3679 apographa¹)
535 3616 638 3676 presse
666 3606 788 3658 secutus
820 3615 902 3678 sum,
930 3598 1095 3674 scripturae
1118 3598 1288 3656 varietatem
1312 3599 1358 3657 in-

210 3715 325 3784 tegrum
348 3704 496 3787 adnotavi,
520 3704 661 3766 vocabula
684 3707 797 3764 rariora
819 3706 851 3763 in
875 3703 932 3763 line
957 3705 1101 3782 congessi.

346 3901 367 3962 l.
400 3901 610 3981 Fragmenta
633 3898 808 3960 librorum
833 3901 893 3978 qui
917 3896 1049 3976 Graece
1073 3904 1228 3959 exstant.

428 4023 460 4108 1)
484 4024 547 4085 Lib.
593 4023 614 4085 l.
638 4024 682 4085 ed.
702 4024 775 4085 Anb.
799 4043 826 4102 p.
851 4018 1155 4103 eost-mnu,

427 4127 461 4214 2)
507 4179 524 4213 ‚‚
568 4130 617 4191 lll.
648 4179 666 4213 ,‚
732 4179 750 4210 ‚,
800 4150 828 4210 p.
853 4126 1132 4208 vem—vent,

213 4273 426 4282 —.--—-—-—

286 4344 313 4410 1)
332 4340 500 4410 Fragments
516 4346 539 4396 1.
555 4345 579 4393 2.
596 4345 637 4394 11.
654 4343 694 4392 15.
711 4342 744 4392 18
758 4337 819 4408 ipse
834 4337 878 4393 Fr.
893 4336 1047 4406 Baethgen‚
1063 4338 1163 4392 doctor
1177 4335 1356 4422 Kiloniensis,

213 4434 309 4489 cetera
326 4429 492 4484 Hormizdcs
510 4428 695 4484 Nestorianus
715 4427 871 4498 exscripsit.
