3192 4906
630 339 671 393 De
690 339 790 393 Iuliani
808 338 943 394 librorum
962 339 1036 394 fotis.
1370 339 1415 403 95

260 509 397 581 tempore
433 503 620 564 refutationis
648 523 663 564 a
692 504 797 566 Photio
826 507 953 584 scriptae
988 504 1029 564 nil
1058 503 1213 564 adfirmare
1244 506 1414 585 possumus,

261 627 331 668 oum
355 627 393 669 ne
417 612 624 688 quaestionum
648 611 768 689 quidem
792 611 896 690 Amph.
920 618 1038 691 tempus
1062 619 1165 670 notum
1191 613 1237 672 sit.

351 715 517 776 Romanum
536 719 685 777 neminem
700 720 893 797 cognovimus
911 717 947 778 ad
962 717 1183 796 redarguendos
1197 717 1301 779 luliani
1321 719 1413 779 libros

259 824 432 883 accessisse.
471 823 531 883 Soli
556 826 585 884 in
606 832 735 885 mentem
755 827 819 885 eius
839 826 883 885 rei
902 833 1023 885 venerat
1043 818 1282 901 Hieronym0‚
1307 828 1359 903 qui
1382 828 1411 885 in

259 929 387 1009 epistula
406 929 492 989 LXX.
512 930 547 990 ad
566 931 704 1010 Magnum
723 932 790 992 data
809 931 854 992 ed.
868 923 1005 991 Vallarsi²
1023 928 1114 991 1427
1131 931 1169 993 ll:
1187 930 1336 1011 „lulianus
1354 933 1412 993 Au-

258 1031 390 1116 gustus“
413 1039 510 1116 inquit
536 1045 673 1117 „septem
697 1037 789 1098 libros
816 1040 847 1098 in
877 1037 1064 1117 expeditione
1089 1027 1227 1099 Parthica
1256 1039 1412 1101 adversum

259 1141 424 1205 Christum
436 1146 575 1205 evomuit.
609 1144 641 1204 Si
664 1153 767 1205 contra
786 1144 865 1205 hunc
885 1143 1016 1206 scribere
1035 1152 1196 1224 tentavero,
1220 1153 1302 1225 puto,
1320 1149 1411 1206 inter·

259 1249 344 1310 dices
372 1245 468 1310 mihi“
490 1260 546 1312 etc.
593 1251 658 1322 Quo
692 1251 757 1312 loco
790 1269 968 1330 quamquam
996 1249 1194 1330 Hieronymus
1223 1260 1323 1331 aperte
1352 1270 1411 1312 non

259 1358 333 1417 dicit
360 1366 463 1419 contra
492 1357 606 1418 libros
629 1357 734 1418 luliani
763 1376 794 1418 se
823 1360 1006 1437 scripturum
1029 1376 1109 1437 esse,
1141 1357 1285 1418 librorum
1313 1366 1410 1419 tamen

258 1463 365 1543 procul
389 1463 479 1524 dubio
507 1456 650 1543 spectarit
677 1465 901 1544 refutationem,
929 1481 997 1524 cum
1021 1472 1105 1524 antea
1129 1461 1170 1524 de'
1194 1463 1278 1524 libris
1302 1467 1412 1544 egisset

258 1577 419 1648 apostatae.
471 1569 562 1631 Cuius
599 1571 715 1631 consilii
751 1557 856 1632 auctor
888 1572 1013 1630 fortasse
1046 1573 1201 1632 exstiterat
1234 1569 1412 1648 Apollinaris

259 1674 458 1754 Laodicenus,
481 1674 652 1756 Hieronymi
677 1679 830 1758 magister,
861 1679 911 1756 qui
935 1677 1038 1738 oderat
1060 1676 1214 1737 lulianum.
1252 1675 1313 1736 lam
1340 1694 1410 1737 vero

258 1790 363 1841 utrum
388 1782 545 1843 eonsilium
568 1792 745 1862 persecutus
769 1785 807 1844 sit
830 1782 1028 1862 Hieronymus
1051 1801 1146 1844 necne
1169 1785 1348 1862 ignoramus.

350 1887 507 1949 Omnesde
518 1888 627 1967 quihus
642 1907 736 1968 usque
752 1890 847 1951 adhuc
858 1892 972 1969 egimus
986 1892 1148 1968 scriptores
1159 1889 1339 1969 redarguere
1350 1901 1411 1952 stu-

259 1995 392 2056 duerunt
406 1994 565 2078 lulianum3
580 1997 773 2057 restituendis
788 2016 803 2057 e
821 1996 921 2076 Cyrilli
935 2015 1026 2076 opere
1041 1995 1203 2075 deperditis
1218 1998 1312 2075 ipsius
1327 1996 1410 2057 libris

134 2145 146 2162 .
191 2083 196 2166 ’,
258 2101 379 2162 saeculo
401 2105 537 2181 proximo
557 2121 676 2182 operam
697 2105 811 2164 navarit
829 2098 1077 2182 Dargonsius.
1114 2102 1224 2162 Verum
1248 2105 1273 2163 is
1298 2106 1410 2164 utinam

257 2210 401 2270 maiorem
430 2209 615 2271 adhibuisset
642 2210 836 2292 diligentiam,
865 2214 977 2273 utinam
1006 2211 1122 2290 linguae
1147 2211 1276 2271 Graecae
1304 2211 1411 2272 fuisset

258 2315 401 2396 peritior!
438 2317 542 2396 Neque
561 2319 640 2378 enim
665 2319 824 2397 quiequam
848 2319 918 2378 fecit
941 2319 999 2378 nisi
1018 2317 1096 2396 quod
1117 2319 1266 2397 exscripta
1289 2336 1324 2378 ex
1349 2317 1410 2377 edi·

257 2426 342 2484 tione
360 2423 539 2484 duhertiaua
563 2425 594 2484 iu
617 2443 710 2485 unum
730 2427 880 2505 congessit
902 2443 936 2484 ea
955 2424 1060 2485 Iuliani
1084 2425 1256 2504 fragmenta,
1280 2442 1355 2502 quae
1379 2425 1408 2483 in

257 2531 363 2591 decem
383 2530 483 2610 Cyrilli
502 2529 585 2590 libris
604 2533 644 2592 ita
663 2539 789 2612 exstant,
812 2541 846 2592 ut
864 2531 971 2593 litteris
990 2531 1162 2592 maiusculis
1181 2532 1218 2590 iis
1237 2532 1407 2609 praemitta-

257 2646 311 2696 tur
338 2655 393 2696 vox
417 2636 532 2699 luliani.
577 2637 693 2698 Adiecit
721 2645 820 2698 autem
847 2640 1123 2717 interpretationem
1151 2635 1410 2714 Franeogallieam‚

257 2761 336 2822 quae
355 2742 449 2822 qualis
469 2746 508 2804 sit
526 2743 624 2805 verbis
644 2743 703 2804 dici
728 2746 838 2822 nequit.
876 2743 919 2804 lta
943 2744 1126 2829 factumest,
1150 2751 1183 2803 ut
1201 2761 1238 2802 ne
1257 2744 1408 2803 minimam

257 2849 380 2929 quidem
408 2850 566 2912 utilitatem
590 2869 626 2910 ex
650 2852 714 2911 eius
742 2849 818 2910 libro
846 2852 1001 2929 percipere
1028 2867 1156 2930 possem.
1199 2849 1256 2920 Qui
1279 2848 1408 2909 Berolini

256 2959 389 3038 primum
413 2957 523 3037 prodiit
546 2976 623 3018 auno
650 2954 735 3019 1764
758 2959 798 3018 ita
822 2959 998 3034 inscriptus:
1028 2955 1155 3016 lle'fense
1175 2956 1215 3016 du
1238 2957 1407 3034 paganismo

257 3081 314 3144 par
341 3063 519 3143 l'empereur
542 3063 651 3145 Iulien,
681 3083 718 3124 en
742 3064 818 3124 Grec
843 3072 872 3124 et
891 3081 932 3122 en
956 3062 1097 3150 Frangois
1122 3071 1176 3124 etc.
1218 3060 1275 3121 Par
1297 3061 1351 3120 ΜΓ.
1380 3059 1407 3118 le

256 3169 390 3248 Marquis
416 3167 564 3247 [l'drgens
587 3177 643 3230 eto.
676 3166 786 3230 2voll
817 3162 860 3228 8⁰.
902 3166 1001 3228 Altera
1030 3167 1121 3228 editio
1145 3177 1191 3228 est
1218 3169 1288 3228 anni
1313 3164 1407 3228 1767.

256 3276 389 3335 Tertiam
409 3275 481 3335 mihi
500 3294 670 3356 comparare
690 3294 750 3337 non
773 3276 865 3355 potui.
903 3274 984 3345 Quae
1009 3282 1130 3335 auctore
1148 3275 1270 3336 Allonso
1283 3274 1407 3336 Muecke

256 3377 311 3464 (de
335 3385 391 3444 vita
416 3381 520 3443 loliani
544 3381 570 3444 ll
592 3402 620 3463 p.
636 3368 715 3464 343)
739 3381 851 3462 publici
874 3381 948 3441 iuris
972 3381 1049 3441 facta
1073 3390 1119 3442 est
1149 3400 1226 3442 anno
1253 3378 1336 3442 1768
1360 3399 1406 3440 re·

256 3489 348 3550 motis
367 3488 487 3548 Graecis
505 3487 610 3550 Iuliani
634 3489 806 3567 fragmentis
829 3489 870 3547 ita
892 3489 1049 3567 inscripta:
1073 3487 1214 3549 lliseours
1233 3489 1270 3548 de
1289 3487 1406 3568 l'empe·

256 3614 330 3656 reur
344 3594 438 3655 lulien
458 3602 561 3654 contre
582 3595 625 3655 les
640 3593 804 3654 Chretiens.
841 3593 920 3653 Avec
934 3592 971 3652 de
990 3593 1140 3655 nouvelles
1159 3604 1244 3656 notes
1258 3595 1295 3654 de
1310 3594 1408 3655 divers

164 3779 167 3784 1
255 3710 388 3762 auteurs.
