3192 4906
458 365 461 370 Ι
549 290 592 346 De
610 290 712 348 Iuliani
729 291 809 348 libais
827 292 1014 349 restituendis.
1282 293 1358 359 133

755 455 805 520 17.

295 582 473 662 Fragmento
506 581 608 663 Cyrilli
635 579 677 645 29
710 583 932 644 demonstratur
959 582 1105 645 lulianum
1138 586 1226 645 etiam
1254 583 1291 645 de
1319 587 1357 646 iis

206 688 316 751 Christi
335 687 434 750 rerhis
454 691 573 770 egisse„
588 707 663 769 quae
682 698 800 753 exstant
821 689 922 753 Matth.
945 689 995 773 19,
1014 687 1071 754 24:
1093 687 1191 754 πάλιν
1214 689 1250 752 δὲ
1270 690 1356 766 λέγω

205 794 287 873 ὑμῖν,
311 793 360 858 ὅτι
383 791 609 872 εὐκοπώτερόν
632 794 716 859 ἐττιν
739 793 882 873 κάμηλον
912 794 965 858 διὰ
986 796 1190 875 τρυπήματος
1218 795 1356 875 ῥαφίδα(
1399 791 1402 797 ’

167 953 171 960 .
205 899 359 966 εἰεελθεῖν
380 901 401 980 ἢ
424 899 578 974 πλούτιαν
602 899 646 965 sic
669 902 727 980 τὴν
752 900 912 980 βατιλείαν
934 904 1001 966 τῶν
1022 899 1185 987 οὐρανῶν,
1209 907 1246 967 cs.
1266 905 1355 971 Marc.

207 1009 257 1092 10,
280 1007 333 1074 25.
369 1009 441 1071 Luc.
467 1007 517 1088 18,
536 1006 588 1072 25.
637 1010 734 1091 Atque
761 1005 904 1088 κάμηλον
932 1011 1038 1072 animal
1066 1030 1132 1073 esse
1160 1019 1242 1074 reete
1270 1023 1354 1093 puta·

204 1125 295 1180 verat.
317 1117 362 1178 Ex
377 1117 479 1178 eadem
490 1116 587 1197 Cyriili
603 1116 803 1196 disputatione
818 1117 1027 1197 depromptum
1042 1136 1107 1179 esse
1123 1117 1239 1181 videtur
1254 1115 1352 1200 tneo,

203 1224 264 1286 lam
293 1242 363 1286 vero
390 1223 476 1284 facile
504 1223 700 1306 intellegitur,
733 1224 881 1303 quomodo
914 1226 1067 1287 transierit
1094 1224 1225 1288 lulianus
1253 1226 1289 1288 ab
1317 1229 1354 1288 iis

203 1331 308 1412 rebus,
336 1347 410 1409 quas
433 1328 520 1389 modo
548 1337 739 1411 tractaverat,
766 1329 803 1389 ad
826 1329 934 1391 horum
957 1329 1068 1392 Christi
1095 1331 1255 1394 verborum
1277 1336 1352 1395 vitu·
1400 1350 1411 1358 ‘

201 1441 395 1519 perationem.

751 1539 800 1605 18.

289 1667 490 1732 Contenderat
506 1666 638 1729 Iulianus
656 1667 693 1728 de
712 1664 894 1728 observanda
912 1667 978 1747 lege
997 1667 1077 1729 aliud
1096 1666 1234 1732 docuisse
1253 1670 1351 1733 lesum

198 1773 347 1858 hattho,
363 1774 414 1858 19,
432 1776 511 1838 aliud
525 1775 627 1840 Matth.
646 1773 696 1857 12,
711 1772 730 1836 8
746 1783 775 1836 et
795 1770 912 1856 15,11.
945 1774 1125 1855 Deprompta
1144 1785 1244 1838 autem
1263 1781 1351 1840 etiam

200 1885 273 1946 haec
297 1882 435 1946 ridentur
463 1902 530 1944 esse
560 1902 596 1944 ex
620 1899 747 1947 censura
774 1883 916 1942 orationis
944 1899 1032 1962 quam
1060 1885 1091 1944 in
1118 1892 1220 1945 monte
1248 1884 1352 1946 hahuit

200 1992 346 2054 Christus.
369 2023 412 2034 -
436 1990 502 2071 Cyr.
526 1991 564 2072 ig.
579 1987 631 2052 31.
660 1989 705 2051 Ex
728 1989 927 2070 disputatione
951 1995 1060 2070 autem,
1082 2007 1170 2068 quam
1194 1989 1251 2054 hoc
1274 1992 1350 2071 frag-

198 2107 300 2160 mento
323 2100 452 2161 mstituit
475 2097 611 2180 Cyrilius,
633 2097 773 2159 haustum
796 2113 863 2156 esse
886 2094 1003 2156 ridetur
1026 2097 1115 2188 etiam
1139 2096 1176 2176 ig.
1196 2093 1247 2158 32.
1360 2169 1365 2178 ,

748 2252 797 2317 19.

175 2418 178 2423 -
287 2382 353 2443 Non
377 2382 472 2444 solnm
495 2381 531 2442 de
555 2381 630 2464 lege,
653 2381 706 2442 sed
729 2383 818 2442 etiam
842 2373 905 2441 aliis
928 2379 965 2442 de
994 2378 1086 2442 rehus
1109 2381 1175 2443 aliis
1195 2381 1271 2444 locis
1293 2382 1349 2444 alia

198 2489 349 2552 Christum
373 2485 583 2569 pronuntiasse
604 2487 736 2550 lulianus
759 2487 877 2549 ridetur
896 2490 1079 2568 exposuisse.
1116 2487 1160 2550 Ex
1183 2491 1348 2570 fragmento

197 2599 277 2659 enim
301 2593 343 2658 33
367 2594 556 2657 efficiendum
579 2603 626 2657 cst
647 2594 876 2675 reprehendisse
900 2613 969 2656 eum
993 2594 1154 2678 Christum,
1178 2597 1256 2677 quod
1275 2597 1347 2660 Luc.

200 2701 251 2786 14,
269 2701 312 2765 26
336 2702 451 2765 dixerat
473 2701 560 2763 haec:
587 2696 617 2764 εἷ
641 2717 689 2763 τι(
712 2697 839 2777 ἔρχεται
867 2698 949 2778 πρό(
976 2720 1014 2779 με
1043 2699 1094 2764 καὶ
1120 2699 1159 2765 οὐ
1187 2705 1267 2780 presi
1289 2702 1348 2770 τὸν

197 2807 322 2885 πατέρα
344 2807 395 2870 καὶ
417 2807 476 2885 τὴν
499 2806 619 2885 μητέρα
641 2805 692 2870 καὶ
710 2806 769 2884 τὴν
787 2810 924 2882 γυναῖκα
946 2806 997 2870 καὶ
1020 2805 1061 2870 τὰ
1078 2807 1174 2872 τέκνα
1197 2807 1248 2871 καὶ
1270 2809 1347 2873 τοὺς

197 2912 361 2992 ἀδελφοὺς
387 2913 439 2977 καὶ
465 2911 522 2976 τὰ(
549 2909 707 2991 ἀδελφάτ,
737 2910 783 2976 ἔτι
807 2913 917 2976 δὲκαὶ
944 2913 1003 2991 τὴν
1031 2912 1148 2977 ἑαυτοῦ
1176 2916 1284 2993 ψυχὴν
1307 2915 1346 2979 οὐ

197 3021 331 3086 δύναται
353 3017 434 3087 εἷναί
462 3037 522 3098 μου
551 3021 698 3100 μαθητήτ.
735 3019 901 3083 Verisimile
929 3030 1028 3083 autem
1056 3030 1102 3084 est
1124 3020 1270 3084 lulianum
1297 3024 1345 3085 ad-

195 3138 315 3192 notasse
338 3145 505 3210 rcpugnare
524 3128 675 3190 Christum
695 3129 754 3204 hoc
776 3127 842 3190 loco
862 3135 892 3190 et
915 3127 1047 3209 decalogi
1069 3131 1147 3210 parti
1170 3137 1292 3209 quartae
1315 3140 1346 3193 et

197 3237 253 3298 sihi
277 3225 389 3317 ipsum,
415 3254 482 3297 cum
506 3234 607 3297 Matth.
633 3232 748 3318 19,19
776 3235 923 3316 quendam
947 3236 1086 3298 iussisset
1107 3244 1223 3317 patrem
1246 3237 1344 3299 colere

196 3352 227 3406 et
249 3351 389 3425 matrem,
411 3359 509 3423 neque
531 3344 630 3406 minus
653 3344 690 3404 iis
714 3361 789 3422 quae
812 3342 914 3405 Matth.
936 3339 987 3426 15,
1005 3339 1025 3404 3
1040 3362 1104 3424 sqq.
1128 3343 1259 3405 dixisset.

741 3499 793 3566 20.

283 3627 327 3690 Ex
351 3629 389 3710 fg.
409 3624 453 3690 34
480 3627 662 3709 intellegitur
683 3606 830 3691 Iulianum
858 3628 888 3690 in
912 3627 1064 3698 Christum
1091 3631 1240 3694 invectum
1268 3649 1344 3714 esse,

195 3735 274 3816 quod
298 3754 358 3797 non
381 3754 485 3799 omnes
508 3734 657 3817 homines,
680 3734 731 3797 sed
754 3754 866 3816 paucos
889 3735 984 3798 salros
1007 3736 1195 3800 reddidisset.

662 3911 875 3922 nnn—u*—

554 4039 605 4100 Εα
632 4040 745 4118 Cyrillo
768 4041 847 4100 libro
869 4037 977 4102 XVII.

738 4178 791 4244 21.

283 4306 326 4368 Ea
352 4307 453 4387 operis
480 4308 527 4369 sni
553 4313 652 4389 parte,
685 4324 720 4367 ex
749 4307 835 4368 cuius
862 4307 1041 4369 refutatione
1068 4308 1243 4390 deprompta
1270 4319 1342 4371 sunt

196 4415 297 4497 Cyriili
320 4416 485 4495 fragmenta
504 4410 547 4477 39
569 4420 600 4476 et
617 4410 671 4496 40,
693 4413 922 4494 reprehendisse
944 4414 1062 4478 ridetur
1080 4413 1211 4477 Iulianus
1230 4416 1340 4478 Christi
