3192 4906
603 296 645 350 De
663 295 765 350 Iuliani
782 295 863 350 libris
881 294 1068 351 restituendis.
1348 297 1411 360 135

262 469 292 526 in
321 466 415 545 ipsius
443 483 534 544 opere
564 466 746 547 exstiterint,
774 482 849 543 quae
872 483 889 526 a
911 463 1088 544 philosopho
1110 464 1276 526 Macariano
1301 467 1411 545 scripta

263 574 306 632 sie
328 573 469 652 leguntur
493 566 544 653 (IV
563 569 606 632 22
629 592 658 652 p.
673 565 768 654 202):
795 569 828 633 Εἰ
852 570 887 632 δὲ
911 568 961 633 καί
979 591 1026 633 τις
1050 573 1117 632 τῶν
1138 569 1300 649 Ἑλλήνων
1323 571 1410 634 οὕτω

262 681 384 756 κοῦφος
402 679 461 755 τὴν
475 675 619 756 γνώμην,
639 675 683 739 ὡς
702 677 825 742 ἐντοῖς
844 675 1019 755 ἀγάλμαςιν
1038 676 1135 740 ἔνδον
1153 675 1252 741 οἰκεῖν
1271 676 1409 755 νομίζειν

260 785 336 848 τοὺς
355 785 457 863 θεοὺς,
481 787 595 867 πολλῷ
613 783 840 863 καθαρώτερον
859 783 924 863 εἶχε
942 786 1001 865 τὴν
1020 783 1150 849 ἔννοιαν
1167 787 1226 847 τοῦ
1245 784 1409 848 πιςτεύον-

259 909 330 970 τος,
357 889 407 972 ότι
431 889 475 954 εἰς
502 893 562 970 τὴν
589 892 728 968 γαςτέρα
752 891 877 969 Μαρίας
904 889 1007 955 εἰςέδυ
1035 891 1073 955 τό
1097 895 1186 956 θεῖον
1213 889 1351 972 ἔμβρυόν
1374 912 1409 956 τε

260 998 391 1075 ἐγένετο
420 998 470 1061 καὶ
497 998 612 1075 τεχθὲν
640 997 885 1077 ἐςπαργανώθη,
914 998 1029 1075 μεςτὸν
1057 998 1189 1077 αἵματος
1217 997 1328 1077 χόριον
1358 999 1409 1064 καὶ

260 1108 361 1185 χολῆς
384 1105 524 1169 καὶτῶν
547 1103 593 1169 ἔτι
616 1108 729 1191 πολλῷ
752 1105 877 1170 τούτων
901 1103 1124 1194 ἀτοπωτέρων.

806 1319 858 1384 25.

349 1444 445 1507 Etiam
474 1447 565 1509 altera
593 1447 630 1508 de
657 1467 691 1507 re
719 1450 857 1527 promisit
879 1447 1010 1508 Iulianus
1039 1449 1070 1508 in
1093 1446 1186 1508 altero
1215 1447 1291 1508 libro
1319 1447 1408 1508 verba

259 1571 326 1614 sese
347 1572 412 1614 esse
436 1555 593 1616 facturum.
630 1554 704 1615 Nam
722 1574 750 1634 p.
766 1552 865 1616 213l
880 1574 944 1635 sqq.
968 1574 1037 1615 oum
1057 1557 1246 1636 quaesiverit,
1264 1555 1301 1616 oh
1321 1574 1408 1634 quam

258 1678 379 1720 oausam
403 1679 440 1720 ne
460 1660 495 1721 de
515 1664 648 1740 cognatis
668 1661 787 1740 quidem
811 1665 873 1722 suis
892 1662 975 1722 Iesus
999 1661 1075 1722 hene
1095 1671 1175 1724 esset
1197 1665 1331 1743 meritus,
1354 1682 1408 1723 cur

259 1769 349 1828 etiam
372 1766 452 1827 Mose
475 1769 600 1829 inferior
623 1768 687 1848 ille,
715 1787 803 1849 quem
827 1769 916 1830 deum
939 1787 1004 1830 esse
1029 1769 1189 1830 Christiani
1212 1777 1408 1851 autumarent,

257 1893 297 1934 ne
321 1873 498 1935 ludaeorum
522 1875 642 1954 quidem
670 1875 789 1936 domare
818 1878 950 1953 potuerit
975 1884 1107 1956 gentem,
1130 1877 1231 1937 ταῦτα
1259 1875 1316 1952 μὲν
1340 1874 1407 1953 οῦν,

257 1983 357 2058 inquit
378 2001 406 2061 p.
421 1978 534 2063 218A,
563 1980 614 2043 καὶ
642 1981 752 2059 μικρὸν
780 1979 924 2059 ὕςτερον,
953 1978 1032 2043 όταν
1060 1980 1123 2062 ἰδίᾳ
1157 1980 1230 2059 περὶ
1256 1985 1312 2059 τῆς
1341 1983 1407 2045 τῶν

256 2084 457 2162 εὐαγγελίων
480 2086 709 2165 τερατουργίας
733 2087 784 2150 καὶ
807 2086 979 2165 ςκευωρίας
1003 2085 1161 2153 ἐξετάζειν
1184 2085 1361 2165 ἀρξώμεθα.

803 2299 855 2363 26.

348 2427 474 2507 Cyrillus
488 2448 516 2507 p.
534 2425 630 2488 168Α
650 2424 932 2503 καταψευδόμενος
950 2424 1021 2505 γὰρ,
1040 2430 1146 2510 inquit,
1164 2431 1331 2505 πανταχοῦ
1350 2432 1406 2506 τῆς

255 2533 473 2597 θεοπνεόςτου
496 2537 632 2612 γραφῆς,
654 2533 733 2594 ποτε
753 2533 811 2609 μέν
825 2552 900 2610 φηςι
925 2527 979 2616 (so.
999 2530 1017 2594 δ
1036 2529 1222 2616 Ἰουλιανός)
1245 2534 1304 2597 τὸν
1321 2533 1405 2613 ἱερο-

255 2639 386 2720 φάντην
406 2640 543 2703 Μωϋςὲα
562 2643 817 2717 δημαγωγοῦντα
839 2642 962 2718 μᾶλλον
981 2641 1000 2718 ἢ
1020 2637 1220 2717 ἀληθεύοντα
1238 2641 1314 2703 τοὺς
1333 2642 1406 2718 περὶ

255 2750 335 2810 θεοῦ
353 2747 539 2824 ποιήςαςῦαι
558 2745 684 2824 λόγους,
708 2743 782 2809 οὔτε
802 2744 937 2823 ἔχοντας
961 2745 1065 2824 ὀρθῶς
1080 2743 1154 2809 οὔτε
1174 2748 1235 2825 μὴν
1254 2746 1405 2811 ἐοικότως

255 2852 345 2935 αὐτῷ
368 2848 423 2937 (so.
443 2849 553 2937 θεῷ)1)
576 2852 762 2932 γεγονότας,
787 2853 865 2916 ποτὲ
890 2854 926 2915 δὲ
949 2853 1007 2915 τὸν
1029 2850 1164 2930 Ἐςδραν
1188 2850 1253 2916 ἀπὸ
1276 2855 1405 2934 γνώμης
1483 2882 1488 2890 ·

255 2957 339 3022 ἰδίας
353 2963 620 3037 προςεπενεγκεῑν
634 2981 705 3023 τινα
720 2959 915 3023 διατείνεται.
944 2962 985 3021 Ao
1000 2960 1090 3021 Mosis
1104 2961 1227 3038 quidem
1240 2967 1404 3024 sententiae

253 3068 353 3147 primo
366 3066 443 3128 libro
452 3068 717 3129 innumerabilibus
733 3069 795 3128 lere
806 3067 879 3128 loris
891 3077 961 3128 sunt
974 3069 1170 3148 vituperatas,
1185 3068 1302 3129 aliunde
1313 3073 1404 3149 igitur

254 3172 299 3235 nil
318 3174 424 3236 adierit
438 3175 565 3255 Cyrillus
583 3177 640 3236 nisi
660 3177 738 3254 quod
758 3175 794 3236 de
811 3174 905 3236 Esdra
924 3175 1055 3255 protulit.
1094 3172 1152 3233 Sed
1172 3193 1230 3252 qua
1248 3179 1403 3238 occasione

255 3283 287 3342 in
302 3280 426 3342 Esdram
444 3284 579 3343 invectus
599 3284 637 3342 sit
650 3281 781 3343 lulianus
801 3284 942 3342 continuo
961 3280 1167 3360 intellegemus
1186 3282 1290 3342 oollato
1310 3283 1403 3363 philo-

254 3369 344 3466 sophi
372 3387 530 3449 ldaoariani
561 3388 626 3448 looo
654 3385 738 3449 1113
766 3407 794 3467 p.
810 3385 861 3448 54.
912 3387 968 3449 Ubi
1000 3387 1262 3469 reprehenduntur
1293 3389 1404 3453 Christi
1514 3455 1522 3474 ,

254 3493 345 3554 verba
367 3493 408 3555 lo.
431 3491 461 3577 5,
483 3492 526 3556 46
552 3491 579 3556 εἰ
601 3492 663 3571 γὰρ
687 3492 866 3556 ἐπιςτεύετε
891 3494 1033 3570 Μωυςεῑ,
1061 3491 1240 3556 ἐπιςτεόετε
1264 3491 1304 3556 ἂν
1324 3493 1403 3573 ἐμοί.

254 3598 329 3676 περὶ
351 3598 412 3677 γὰρ
436 3599 515 3678 ἐμοῦ
538 3599 661 3663 ἐκεῖνος
690 3598 841 3677 ἔγραψεν.
883 3602 987 3683 Neque
1011 3604 1090 3662 enim
1118 3600 1155 3662 de
1179 3600 1296 3664 Christo
1320 3606 1401 3684 quic·

254 3725 345 3786 quam
367 3694 483 3768 a'hlose
507 3726 572 3768 esse
597 3707 718 3791 dietum,
741 3727 844 3769 omnes
868 3712 948 3771 enim
970 3708 1072 3791 libros,
1095 3711 1147 3788 qui
1169 3708 1260 3772 blosis
1283 3715 1402 3774 nomine

253 3815 398 3896 ferantur,
422 3814 458 3875 ab
477 3814 571 3875 Esdra
592 3834 658 3876 esse
678 3819 871 3896 conscriptos.
906 3817 1000 3876 Simili
1018 3819 1109 3896 igitur
1128 3817 1215 3877 modo
1235 3820 1402 3879 censendus

254 3933 302 3982 est
330 3922 462 3982 lulianus
486 3921 637 3983 Christum
663 3924 857 4003 vituperasse.
903 3922 1148 3984 Ratiocinandum
1175 3927 1255 3986 enim
1282 3928 1310 3984 ei
1338 3934 1402 3986 erat

253 4029 335 4090 huno
367 4030 430 4089 lere
458 4031 488 4089 in
516 4029 649 4092 modum:
690 4015 800 4091 Iniuria
828 4030 938 4090 dixisse
968 4030 1066 4091 Iesum
1094 4031 1131 4091 de
1159 4050 1191 4091 se
1218 4033 1283 4110 ipso
1311 4029 1401 4093 verba

252 4136 361 4196 fecisse
383 4135 510 4216 Mosem;
537 4138 623 4196 ouius
646 4139 756 4216 soripta
779 4155 847 4197 oum
875 4139 990 4216 integra
1013 4155 1071 4196 non
1097 4145 1260 4220 exstarent,
1288 4138 1340 4198 sed
1363 4139 1399 4198 ab

326 4345 353 4414 1)
376 4343 492 4397 Prorsus
514 4341 661 4399 abicienda
684 4347 727 4408 est
748 4342 867 4398 Auborti
888 4343 1094 4413 interpretatio:
1121 4346 1229 4400 Mosam
1252 4344 1344 4399 ait-
1364 4345 1399 4406 de

250 4432 314 4487 Deo
332 4431 419 4486 rerba
437 4431 535 4487 lesisse
553 4449 605 4487 neo
623 4435 701 4489 reeta
718 4450 770 4490 neo
788 4431 856 4488 sibi
875 4433 1086 4491 consentientia.
