3194 4904
589 330 630 384 De
649 330 751 385 loliani
770 331 905 385 librorum
922 330 997 385 fabis.
1324 331 1366 400 35

218 493 367 555 lambecii
387 495 581 556 bibliothecae
601 497 760 558 Caesareae
781 497 1017 557 Vindobouensis
1036 495 1103 555 libri
1124 499 1219 574 quinti
1238 496 1367 556 editione

218 599 317 682 altera,
342 621 430 681 quam
450 605 564 664 curavit
582 603 739 684 boherius,
763 603 873 682 publici
898 606 972 665 iuris
996 604 1071 663 iacta
1095 621 1118 662 a.
1142 588 1226 664 1778
1246 623 1273 682 p.
1293 600 1366 664 289.
1467 623 1468 626 ¹

219 705 295 766 Sunt
318 715 417 768 autern
436 708 508 768 haec
528 712 622 788 prima
646 711 804 789 fragmenti
823 710 925 771 rerba:
948 707 988 770 τὰ
1005 705 1165 784 γενόμενα
1184 708 1220 771 ἐν
1239 707 1370 786 Περείδι’

218 813 334 888 μεταξὺ
355 813 549 891 Χριετιανῶν
572 814 733 894 Ἑλλήνων
758 836 792 880 τε
818 816 868 879 καὶ
887 813 1056 878 Ἰουδαίων.
1090 813 1250 878 Φίλιππος
1274 834 1367 892 πρεε-

219 917 351 997 βύτεροε
375 921 425 983 καὶ
449 920 620 996 εύγκελλοε
644 919 820 999 γενόμενος
839 921 989 986 Ἰωάννου
1014 919 1261 1000 ἀρχιεπιεκόπου
1283 923 1367 985 Κων·

218 1027 513 1091 (ταντινουπόλεωε
545 1031 603 1092 τοῦ
638 1028 859 1107 Χρυεοετόμου
895 1026 1061 1111 evaeum)
1101 1027 1265 1108 ῑετορήεα(
1297 1029 1369 1107 περὶ

219 1132 353 1210 Χριετοῦ
383 1134 433 1197 καὶ
461 1138 527 1198 τῶν
552 1133 684 1213 Μάγων.
728 1138 770 1198 Ex
801 1158 835 1199 eo
864 1142 955 1219 igitur
983 1139 1059 1199 libro
1088 1139 1296 1217 depromptum
1324 1146 1370 1197 est

219 1243 429 1325 fragmentum,
458 1245 508 1305 ubi
537 1245 573 1305 de
597 1245 714 1306 Christo
744 1255 811 1307 nato
841 1247 988 1307 referebat
1011 1246 1173 1325 Philippus.
1216 1245 1274 1316 Qui
1297 1245 1369 1304 dicit

218 1349 275 1409 hoc
307 1350 372 1411 loco
406 1352 568 1431 syncellum
601 1373 633 1412 se
668 1373 734 1414 esse
772 1353 889 1414 loannis
920 1354 1122 1433 Chrysostomi
1155 1351 1371 1430 archiepiscopi

219 1455 543 1538 Constantinopolitani.
591 1459 648 1530 Qui
676 1479 744 1520 cum
772 1459 896 1540 adeptus
925 1463 964 1520 sit
994 1461 1197 1539 episcopatum
1225 1477 1249 1518 a.
1273 1457 1300 1517 (l.
1323 1454 1369 1518 IV.

219 1562 280 1623 llal.
299 1562 382 1625 Mart.
406 1584 430 1625 a.
450 1561 524 1647 398,
548 1569 577 1626 iu
601 1567 722 1626 exilium
746 1575 866 1627 exactus
890 1585 913 1625 a.
938 1565 964 1626 d.
990 1565 1052 1626 Xll.
1085 1564 1146 1625 Kal.
1169 1564 1223 1626 lul.
1247 1583 1271 1624 a.
1295 1561 1372 1645 404,

221 1675 427 1749 cognoscimus
451 1673 519 1733 iude
545 1676 686 1753 temporis
711 1676 852 1754 spatium,
881 1691 939 1752 quo
964 1675 1093 1751 scriptus
1118 1675 1155 1733 sit
1179 1691 1301 1732 necesse
1326 1678 1371 1732 cst

218 1778 245 1835 is
269 1776 305 1837 de
330 1795 388 1856 quo
413 1783 526 1858 agimus
549 1779 691 1840 historiae
716 1780 899 1840 Christianae
924 1779 1008 1840 liber.
1046 1779 1104 1850 Qui
1127 1786 1225 1839 tamen
1250 1781 1370 1839 minime

220 1884 312 1942 totius
331 1887 430 1963 operis
450 1885 506 1944 luit
524 1886 647 1963 primus.
685 1867 783 1945 Testis
803 1888 881 1945 enirn
902 1893 948 1945 est
965 1884 1099 1965 Photius‚
1122 1887 1153 1945 in
1173 1884 1370 1945 bibliothecae

220 1989 322 2050 codice
346 1987 403 2073 35,
432 1993 549 2051 initium
574 2011 643 2053 eurn
672 1991 778 2052 fecisse
807 2011 823 2052 a
850 1992 955 2054 mundi
978 1993 1137 2052 creatione.
1180 1986 1371 2066 Ἀπάρχεται

221 2093 264 2170 δὲ,
288 2097 394 2177 inquit,
417 2093 482 2157 ἀπὸ
505 2100 563 2159 τοῦ
588 2094 636 2159 (ἐν
659 2094 739 2179 ἀρχῇ
763 2096 912 2174 ἐποίηεεν
936 2094 954 2158 ὁ
976 2097 1050 2160 θεὸς
1073 2096 1131 2158 τὸν
1155 2095 1296 2173 οὐρανὸν
1320 2095 1371 2157 καὶ
1463 2182 1466 2187 Ι

220 2201 278 2278 τὴν
301 2198 374 2279 γῆν
398 2202 448 2264 καὶ
468 2204 589 2267 διέξειει
609 2203 648 2265 τὰ
667 2205 724 2281 μὲν
744 2205 926 2281 ευντέμνων
949 2205 1007 2282 τὴν
1028 2204 1198 2280 Μωεαῖκὴν
1222 2201 1370 2280 ἱετορίαν,

220 2304 308 2383 ὅμως
331 2306 390 2370 οὖν
414 2310 556 2372 πολλοὺς
580 2309 617 2372 ἐν
645 2312 717 2372 uuo
747 2309 866 2386 λόγου(
890 2308 1077 2373 ἀναλίεκων.
1118 2310 1178 2370 lam
1208 2329 1278 2371 vero
1303 2329 1371 2371 cum

219 2415 305 2476 libris
324 2419 445 2494 triginta
464 2435 515 2477 sex
535 2420 717 2478 constitisset
741 2419 876 2494 historia,
901 2421 1021 2479 minime
1046 2417 1220 2479 statuendus
1240 2423 1285 2476 est
1304 2416 1371 2476 Phi-

220 2522 319 2602 lippus
342 2524 400 2582 iarn
422 2526 518 2602 primo
540 2525 616 2585 libro
636 2525 671 2584 ad
692 2505 842 2586 Christum
862 2533 963 2586 natum
983 2527 1183 2585 narrationem
1205 2523 1371 2583 deduxisse.
1409 2536 1415 2550 ·

221 2629 300 2708 Ergo
330 2629 421 2689 multo
450 2639 517 2691 ante
546 2633 675 2710 scriptus
703 2617 749 2691 est
776 2633 892 2710 primus
920 2631 1060 2692 historiae
1084 2630 1268 2690 Christianae
1296 2629 1372 2689 liber

222 2742 252 2795 et
276 2737 364 2796 etiam
391 2739 476 2815 prius
504 2739 672 2817 conscripta
700 2738 843 2799 librorum
867 2738 1067 2799 lulianeorum
1095 2738 1243 2797 refutatio.
1290 2735 1371 2806 Quos

222 2852 256 2904 ut
279 2845 467 2922 impugnaret
491 2843 598 2922 quibus
617 2833 887 2925 causis'permotus
912 2848 949 2907 sit
968 2845 1121 2924 Philippus
1145 2831 1265 2903 ornnino
1289 2845 1371 2922 igno·

223 2969 331 3010 ramus.
368 2950 470 3030 Neque
501 2958 599 3010 tamen
630 2951 747 3011 ridetur
777 2952 992 3030 neglegendum
1021 2969 1087 3011 csse
1116 2951 1207 3010 luisse
1231 2949 1371 3008 loannem

224 3056 467 3136 Chrysostomum
486 3059 584 3136 ipsum
599 3076 718 3135 quoqne
734 3057 847 3119 Libauii
867 3059 1058 3138 discipulum3
1078 3057 1213 3116 conseras
1232 3055 1318 3114 velim
1338 3072 1371 3113 ea

224 3182 298 3242 quae
326 3173 418 3243 'supra
452 3165 576 3242 exposui
608 3165 644 3224 de
673 3163 829 3225 Theodoro
857 3164 1076 3244 Mopsuesteno.
1118 3162 1244 3222 Secutus
1273 3168 1372 3221 autern

226 3279 270 3331 est
295 3273 382 3331 etiam
406 3271 560 3350 Philippus
584 3269 701 3330 scholae
725 3271 925 3332 Antiochenae
949 3271 1127 3349 doctrinam,
1151 3268 1180 3328 id
1205 3267 1283 3345 quod
1307 3285 1374 3346 per-

224 3379 320 3436 tinere
347 3377 381 3437 ad
407 3377 555 3437 refutandi
581 3375 649 3437 libri
669 3377 791 3437 lulianei
817 3379 963 3438 rationem
991 3376 1094 3438 eodem
1121 3375 1185 3434 loco
1213 3374 1371 3452 explanavi.

224 3483 327 3562 Neque
351 3502 421 3543 vero
447 3483 589 3544 traditum
613 3492 668 3566 est,
691 3485 839 3563 quomorlo
863 3485 1004 3563 inscripta
1029 3484 1119 3543 luerit
1141 3480 1269 3560 Philippi
1291 3463 1371 3541 rein·

226 3593 298 3651 tatio
326 3591 423 3669 neque
452 3598 524 3668 quot
551 3589 634 3651 libris
663 3593 838 3652 constiterit.
881 3591 1015 3662 Quorum
1044 3608 1103 3649 nou
1129 3607 1253 3669 parvum
1281 3589 1372 3650 luisse

226 3715 384 3760 nnmerum
412 3697 497 3757 laoile
522 3705 648 3777 statum,
678 3700 703 3756 si
726 3697 853 3777 Philippi
883 3699 1062 3776 spectaveris
1091 3695 1240 3755 scribendi
1269 3713 1372 3773 genus.

227 3803 319 3864 Cuius
334 3805 498 3864 sententiae
518 3806 607 3864 etiam
622 3812 718 3864 exstat
732 3804 861 3865 Liberati
880 3806 1096 3883 testimonium,
1116 3803 1216 3881 quiin
1235 3801 1374 3861 breviarii

192 3909 194 3914 ’
227 3913 322 3990 capite
345 3910 404 3996 Vll.
428 3903 589 3992 (Gallandi,
612 3909 681 3972 bibl.
705 3919 760 3972 vet.
785 3921 858 3990 patr.
878 3910 932 3970 ΧΠ
955 3931 981 3990 p.
1009 3907 1121 3989 13la):
1144 3907 1219 3990 „His
1242 3903 1307 3968 ita“
1329 3911 1372 3968 in·

227 4021 293 4097 quit
314 4016 585 4098 „provenientibus‚
609 4017 645 4078 ‹le
671 4016 814 4078 electione
839 4020 970 4097 episcopi
994 4035 1099 4077 rursus
1119 4018 1252 4094 quaestio
1272 4023 1374 4076 exorta

230 4133 285 4185 est.
322 4123 407 4185 llnlti
430 4127 509 4183 enirn
533 4123 702 4203 Philippum
726 4123 907 4203 quaerebant
929 4123 1151 4204 presbyterum,
1175 4124 1226 4200 qui
1249 4140 1265 4181 a
1288 4120 1374 4182 beato

227 4231 336 4291 loaune
360 4239 556 4310 cognomento
575 4230 784 4310 Chrysostomo
807 4232 948 4292 diaconus
971 4232 1068 4292 suerat
1092 4229 1245 4290 ordinatus
1269 4227 1373 4288 multa·

300 4459 327 4526 1)
346 4455 528 4511 scribendum
548 4472 607 4510 essa
625 4455 695 4510 mihi
713 4454 825 4509 ridetur
842 4454 979 4509 (υνὲθετο.

1125 4547 1140 4592 3
1147 4540 1161 4571 *
