3192 4906
220 268 262 332 se
333 225 336 235 ’
419 311 425 318 .
730 267 822 338 cepo
840 269 859 322 ι.

221 437 341 497 virtutis
369 445 399 496 et
421 442 629 515 pugnaverunt
656 449 751 513 usque
778 433 814 494 ad
839 436 927 494 vitam
956 441 985 494 ot
1009 436 1181 513 sanguinent
1211 442 1242 494 et
1271 437 1368 496 testati

221 550 292 604 sunt
314 541 437 621 gloriam
461 541 573 602 Christi
596 549 627 601 et
649 543 777 601 victores
801 542 871 601 facti
894 540 1068 602 fortitudine
1092 540 1241 602 bonitatis.

310 648 348 709 Et
371 657 439 728 post
461 667 569 728 pauca,
593 647 644 708 ubi
662 647 735 709 dicit
757 642 813 729 (sc.
833 641 982 729 Opillus),
1005 647 1083 726 apud
1102 647 1227 726 gentiles
1252 667 1369 727 quoque

221 757 335 816 lacinus
358 755 513 816 honorari:
714 749 730 778 ⁸

309 855 446 943 (Athenis
462 863 550 943 enirn,
564 871 597 922 ut
611 881 724 944 eorum,
744 865 795 941 qui
809 870 932 942 propter
948 863 1099 922 Graeciam
1114 861 1272 941 periclitati
1292 871 1370 942 sunt,

222 977 348 1030 mortem
359 971 517 1048 quotannis
531 967 779 1030 celebrationibus
794 967 935 1050 colerent,
950 987 1037 1030 curas
1051 963 1170 1050 agunt):
1184 968 1220 1028 ad
1236 969 1371 1048 sepulcra
1403 1027 1409 1042 ,

224 1075 418 1155 egrediuntur
436 1079 466 1157 ii,
487 1076 596 1155 quibus
615 1095 685 1156 prae
706 1079 813 1137 ceteris
833 1085 878 1136 est
897 1076 1007 1137 diserta
1022 1075 1130 1156 lingua,
1149 1069 1372 1136 et'mirabiliter

223 1183 321 1244 verbis
342 1180 484 1242 felicitare
504 1183 624 1243 student
643 1201 740 1261 neque
760 1191 858 1243 tamen
877 1190 911 1243 ut
926 1181 1003 1242 Deos
1022 1201 1073 1242 eos
1092 1164 1201 1262 colunt,
1222 1182 1273 1242 sed
1293 1182 1372 1260 quod

222 1297 430 1370 pugnaverunt
448 1308 502 1368 pro
522 1288 616 1350 salute
631 1291 764 1350 omniurn
782 1298 811 1350 et
830 1308 884 1369 pro
903 1288 1039 1350 libertate
1055 1288 1235 1350 Graecorum
1254 1291 1372 1350 iverunt

223 1398 253 1456 in
276 1395 417 1475 pericula
1330 1393 1333 1396 ’

314 1502 353 1564 Et
375 1511 443 1582 post
470 1521 577 1583 pauca,
606 1502 658 1563 ubi
686 1502 771 1584 dicit,
800 1503 987 1564 ethnicorum
1015 1503 1087 1562 deos
1114 1502 1250 1564 homines
1274 1503 1374 1582 luisse,

226 1613 277 1691 qui
300 1613 375 1690 nati,
399 1612 522 1691 mortni,
546 1611 679 1689 corrupti
707 1612 779 1690 sint,
808 1617 839 1670 et
866 1609 1002 1690 sepulcra
1030 1608 1241 1670 nonnullorum
1270 1629 1374 1672 eorum

225 1726 382 1798 memorat,
406 1717 478 1778 baec
502 1717 586 1777 dicit:

304 1824 462 1904 Sepultus
484 1825 640 1902 igiturest
662 1826 693 1884 in
717 1832 802 1884 antro
821 1823 907 1884 Idaeo
926 1823 1068 1903 luppiter,
1090 1823 1140 1884 ille
1164 1842 1255 1903 super
1278 1827 1375 1885 omnia
1405 1823 1410 1834 '

228 1931 376 2012 excelsns3
398 1931 545 2009 Dionysus
564 1939 661 1990 autem
681 1932 765 1992 iuxta
782 1929 873 1991 altare
892 1930 1034 2010 Apollinis
1054 1932 1105 2008 qni
1124 1930 1233 1992 dicitur
1252 1950 1375 2012 aureus3

143 2068 146 2072 <
226 2041 273 2099 bie
305 2041 369 2118 ipse
397 2045 477 2097 vates
506 2037 607 2116 Apollo
636 2056 726 2117 super
754 2037 870 2116 tripode
899 2037 1055 2118 divinanti,
1087 2045 1118 2098 et
1148 2037 1231 2112 inde,
1264 2038 1375 2118 dieunt,

173 2171 175 2176 v
227 2145 337 2224 Tripns
365 2161 473 2204 nomen
497 2146 611 2223 accepit
639 2143 676 2204 ob
704 2152 767 2204 tres
795 2143 869 2203 filias
892 2143 995 2223 'l'riopi
1022 2161 1097 2221 quae
1125 2143 1205 2204 bunc
1228 2143 1374 2224 Pythium,

226 2251 320 2311 filium
338 2250 414 2310 lovis
438 2258 468 2310 et
487 2242 614 2311 Latonae
634 2249 845 2331 querebantur,
870 2268 938 2310 enin
957 2259 1093 2311 mortuus
1112 2257 1192 2310 esset
1210 2249 1374 2310 secundum

227 2357 367 2438 placitant
392 2351 550 2439 Homeri.¹)

695 2479 907 2487 W

668 2589 717 2648 En
740 2590 819 2649 libro
842 2589 932 2648 XIX.

774 2743 837 2807 49(

318 2862 362 2933 Er
386 2873 488 2933 Leont.
512 2880 542 2932 et
565 2871 664 2933 Ioann.
688 2890 716 2950 p.
734 2868 805 2934 106.
842 2866 893 2934 Ἐκ
910 2873 978 2934 τοῦ
1007 2863 1046 2934 ιΘ’
1076 2869 1176 2947 λόγου
1204 2874 1271 2934 τῶν
1299 2871 1378 2934 κατὰ

229 2973 440 3060 Ἰουλιανοῦ.”)
852 2975 857 2982 ’
1426 2967 1430 2974 ’

318 3085 411 3150 Πολὺ
435 3083 507 3147 λίαν
531 3083 619 3162 παρὰ
642 3087 709 3148 roi(
733 3082 795 3148 ἔξω
819 3087 919 3148 κεῖται
942 3084 979 3147 τὸ
1006 3088 1062 3162 τῆ(
1086 3083 1251 3162 cecropio<
1275 3088 1378 3162 χρῆμα

230 3193 281 3256 καὶ
300 3192 337 3255 τὸ
357 3190 504 3268 λαμπρὸν
519 3196 574 3271 τῆ(
594 3191 719 3268 λέξεωε,
739 3189 787 3254 ἔνι
806 3191 841 3254 δὲ
860 3189 947 3268 ὅμω(
965 3193 1031 3254 τῶν
1050 3189 1255 3269 ὀνηαφόρων
1273 3191 1377 3255 οὐδέν.

230 3299 288 3362 τὸν
311 3297 372 3376 γὰρ
396 3297 489 3376 poco
508 3297 584 3361 θεὸν
608 3297 659 3360 καὶ
678 3297 871 3374 δημιουργόν
890 3297 948 3362 οὐκ
966 3295 1122 3374 ἔγνυκαν,
1147 3295 1377 3376 ἀναριθμήτου(

232 3405 267 3468 δὲ
291 3405 385 3469 θεοὺς
408 3409 454 3486 τῷ
480 3403 537 3486 βίῳ
560 3401 725 3480 κομίζουα.
765 3411 766 3414 ’
846 3413 868 3487 J

569 3547 721 3644 Incertae*
737 3577 822 3643 sedis
846 3577 1036 3661 fragmenta.

778 3720 828 3785 50.

321 3847 364 3908 Ex
389 3848 488 3909 Ioann.
512 3848 643 3910 Damaso.
666 3869 694 3930 p.
709 3846 783 3912 408.
816 3846 979 3926 Κυρίλλου.
1012 3851 1131 3932 Βυρολι
1154 3849 1188 3914 ἐκ
1211 3852 1277 3912 τῶν
1300 3848 1380 3912 κατὰ

232 3954 415 4018 Ἰουλιανοῡ.

306 4131 332 4197 1)
351 4127 453 4199 Porpb.
473 4147 499 4182 v.
519 4129 598 4198 Pybh.
620 4135 666 4184 16:
695 4130 830 4196 ἐκηδεύθη
852 4131 881 4182 δ’
901 4130 932 4183 ἐν
954 4137 995 4199 τῷ
1015 4131 1177 4199 καλουμένῳ
1195 4129 1324 4198 Τρίποδι,
1349 4120 1392 4184 ὃ(

233 4220 339 4286 ταότη(
358 4220 438 4285 ἔτυχε
456 4222 506 4284 τῆ(
525 4219 682 4284 ἐπωνυμία(
705 4221 750 4272 διὰ
768 4220 802 4272 τό
820 4224 894 4286 τρεῖ(
911 4219 995 4285 κόρα(
1017 4219 1068 4272 τὰ(
1085 4219 1208 4286 Τριόπου
1227 4219 1381 4287 θυγατέρα(

234 4309 355 4362 ἐνταῦθα
374 4312 507 4375 θρηνῆ(αι
524 4309 575 4362 τὸν
595 4309 763 4362 Ἀπόλλωνα.
802 4306 841 4361 cf.
862 4306 924 4376 Cpr.
944 4307 1023 4362 Alex.
1043 4325 1065 4362 c.
1085 4308 1137 4362 Iul.
1155 4325 1183 4376 p.
1198 4308 1285 4362 eceb.

305 4400 332 4466 2)
351 4397 499 4450 Ἰουλιανοθ
518 4395 649 4466 Mignius.
670 4398 816 4450 Ἰουλιανόν
834 4395 933 4450 Maius.
