3194 4904
201 326 204 340 '
232 355 274 418 14
746 359 837 428 capu
854 359 874 413 1.
902 335 906 344 '

229 520 430 600 Chrysostomi
455 525 587 584 oratione
607 526 637 584 in
656 523 793 604 Babylam
817 523 916 585 hahita
936 522 1077 584 adversus
1095 521 1242 587 lulianum
1263 534 1293 587 et
1312 545 1381 606 gen·

229 627 295 688 tiles
324 622 360 712 (1.
384 629 452 691 Chr.
476 629 521 691 ed.
545 630 791 691 Montelalconius
814 623 855 713 ΙΙ)
885 649 982 711 neque
1006 630 1120 692 dehac
1144 634 1278 693 oratione
1302 636 1379 713 cogi·
1417 695 1422 705 x

229 734 350 795 tandum
375 754 440 797 csse
461 737 590 798 efficitur
613 756 649 798 ex
669 738 780 799 codicis
799 737 1027 818 Rupelucaldini
1052 740 1200 818 scriptura
1219 736 1254 800 ἐκ
1272 739 1331 800 τοῦ
1350 737 1381 801 α’

227 840 307 917 πρὸε
327 837 509 906 Ἰουλιανόν.
546 844 619 905 Nam
644 847 738 905 oratio
762 843 810 905 illa
839 847 869 904 in
893 844 985 905 libros
1010 863 1069 904 non
1094 852 1139 905 est
1162 845 1263 907 divisa.
1300 846 1379 927 Ergo

231 950 398 1011 censendus
422 959 501 1012 esset
521 951 751 1032 Chrysostomus
774 953 988 1031 conscripsisse
1013 969 1088 1030 opus
1107 961 1211 1014 contra
1234 952 1380 1015 lulianum

228 1057 310 1150 quod!
331 1057 448 1119 duobus
472 1067 553 1119 certe
577 1058 661 1119 libris
685 1067 844 1120 constaret.
881 1057 985 1137 Neque
1007 1066 1107 1118 tamen
1130 1057 1160 1117 id
1179 1079 1310 1140 unquam
1330 1080 1378 1122 ex·

228 1165 339 1224 stitisse
364 1165 463 1226 credo.
500 1165 565 1226 Non
588 1165 697 1226 haereo
721 1168 751 1226 in
776 1184 809 1226 ea
833 1184 879 1247 re,
906 1165 984 1245 quod
1009 1182 1155 1243 nusquam
1180 1170 1243 1228 eius
1267 1171 1378 1229 mentio

229 1271 305 1332 lacta
335 1280 394 1353 est3
423 1272 474 1332 sed
499 1291 586 1351 saepe
610 1282 661 1333 aut
687 1275 751 1352 ipse
776 1273 900 1333 loannes
923 1272 1122 1334 Damasccnus
1149 1282 1200 1335 aut
1222 1274 1335 1336 librarii
1357 1277 1378 1335 ii

227 1380 279 1457 qui
302 1396 384 1438 sacra
403 1377 541 1458 parallela
559 1379 783 1459 descripserunt
802 1388 976 1441 erraverunt
999 1383 1029 1440 in
1053 1382 1232 1459 scriptorum
1252 1382 1377 1440 nomini-

229 1484 285 1545 hus
314 1485 486 1547 indicandis.
534 1486 669 1566 Exempli
696 1489 789 1565 gratia
817 1507 844 1566 p.
870 1484 934 1548 753
962 1486 1067 1548 Iustini
1095 1487 1184 1548 verba
1213 1488 1378 1548 allcruntur

227 1595 281 1653 ita:
317 1590 353 1654 ἐκ
381 1595 440 1654 τοῦ
476 1590 576 1655 αὐτοῦ
610 1591 691 1668 πρὸ(
722 1590 894 1655 ’Λντώνιον
903 1587 926 1677 ¹)
961 1590 1195 1675 αὐτοκράτορας
1230 1593 1379 1655 antecedit

228 1708 326 1760 autem
355 1699 515 1783 Clementis
543 1701 740 1761 Alexandrini·
765 1699 851 1761 locus
877 1719 912 1761 ex
944 1699 1020 1761 libro
1043 1700 1102 1761 Vll.
1127 1710 1228 1762 strom.
1265 1699 1378 1761 Eodem

227 1806 315 1866 modo
338 1825 402 1886 pag.
428 1804 492 1868 752
513 1807 660 1869 Philonis:
693 1809 751 1869 τοῦ
776 1805 875 1869 αὐτοῦ
904 1804 939 1868 ἐκ
962 1808 1020 1867 τοῦ
1043 1803 1229 1868 τελευταίου
1253 1808 1319 1868 τῶν
1342 1804 1379 1869 ἐν

228 1909 330 1993 ἐξόδῳ
349 1909 545 1989 Ζητημάτων.
577 1914 812 1984 Praemittuntur
832 1922 930 1975 autem
950 1909 1117 1988 Εἰρηναίου
1137 1911 1172 1974 ἐκ
1191 1916 1249 1975 τοῦ
1267 1909 1377 1989 τετάρ-

227 2037 284 2080 του
299 2016 436 2095 ἐλέγχου
455 2017 506 2080 καὶ
526 2015 709 2097 ἀνατροπῇ(
728 2023 784 2097 τῆτ
805 2017 1019 2096 ψευδωνύμου
1038 2016 1195 2092 γνώτεωτ.
1229 2020 1378 2080 Facillime

227 2127 317 2203 igitur
337 2127 425 2186 etiam
445 2125 654 2205 chrysostomo
678 2126 769 2187 tribui
789 2134 925 2206 poterant
945 2144 1019 2205 qnae
1039 2127 1159 2186 minime
1183 2126 1219 2187 ah
1239 2145 1274 2186 eo
1294 2133 1378 2187 erant

203 2210 368 2311 fprolecta.
406 2233 490 2304 Quod
518 2243 617 2295 autem
645 2237 676 2294 in
704 2234 822 2294 loannis
845 2233 1018 2293 Damasceni
1041 2231 1117 2291 libro
1140 2231 1287 2311 permulta
1310 2235 1377 2293 alle·
1452 2215 1456 2222 ι

203 2408 205 2417 Ι
227 2346 335 2400 runtur
353 2339 417 2400 loca
437 2359 472 2401 ex
492 2339 592 2420 Cyrilli
606 2340 796 2402 Alexandrini
817 2346 920 2401 contra
939 2339 1084 2418 lulianum
1103 2337 1187 2398 lihris
1204 2339 1378 2420 deprompta

192 2429 203 2528 χ’
227 2463 324 2525 neque
344 2447 467 2508 alterius
490 2448 558 2508 libri
582 2449 693 2508 mentio
712 2448 745 2508 m
768 2455 871 2507 contra
890 2445 1036 2508 lulianum
1056 2445 1169 2525 scripti,
1192 2445 1291 2525 Cyrilli
1312 2464 1377 2506 esse

191 2540 194 2575 ⁹
227 2571 260 2613 ea
280 2572 398 2634 censeo,
417 2574 492 2634 quae
508 2554 712 2634 Chrysostomi
731 2572 797 2614 esse
817 2571 901 2632 nego.
938 2552 980 2612 De
1001 2549 1109 2630 quihus
1127 2552 1205 2611 inira
1219 2552 1376 2631 disputabo

184 2594 192 2716 A
225 2659 319 2743 plura,
342 2661 394 2723 uhi
417 2662 453 2722 de
478 2661 586 2740 Cyrillo
610 2660 699 2721 verba
724 2661 828 2720 laciam
851 2667 881 2720 et
905 2659 941 2719 de
968 2658 1060 2720 altero
1084 2656 1189 2718 Iuliani
1212 2657 1296 2719 libro.

187 2722 192 2741 l

196 2767 203 2784 ⁶
314 2768 513 2848 Apollinarem
541 2757 726 2829 ostendimus
755 2769 943 2846 impugnasse
971 2764 1117 2826 lulianum
1150 2784 1246 2844 neque
1279 2772 1377 2826 tamen

182 2910 184 2920 ι
227 2876 291 2933 eius
310 2872 415 2954 libros3
438 2869 641 2934 linearium
660 2870 868 2952 Magnetem
891 2891 950 2932 non
970 2872 1136 2950 negandum
1156 2878 1203 2932 est
1221 2873 1376 2951 scripsisse

177 2959 182 3073 j
226 2988 328 3041 contra
347 2980 439 3041 libros
459 2980 641 3042 Christianae
660 2981 797 3061 religioni
816 2981 949 3058 infestos,
973 2996 1069 3058 neque
1088 2987 1187 3039 tamen
1207 2997 1258 3038 eos
1281 2979 1373 3038 luisse

174 3082 178 3177 ᾗ
227 3087 330 3149 Iuliani
349 3089 407 3148 erit
425 3087 511 3148 nohis
530 3088 804 3148 demonstrandum.
841 3087 926 3146 Anno
945 3093 1044 3145 autem
1066 3081 1150 3145 1867
1173 3092 1311 3164 repertus
1330 3093 1376 3145 est

175 3184 210 3194 '²
225 3193 348 3255 Athenis
372 3195 464 3255 codex
483 3194 602 3254 Macarii
625 3193 782 3274 Magnetis,
808 3195 860 3272 qui
882 3190 1031 3272 quondam
1055 3192 1169 3250 exstitit
1191 3189 1321 3251 Venetiis
1344 3193 1374 3251 in

225 3299 402 3362 bibliotheca
430 3301 585 3362 Marciana.
631 3299 766 3361 Eundem
797 3301 876 3359 enim
908 3316 973 3358 esse
1005 3296 1137 3357 codicem
1165 3296 1376 3358 Atheniensem

225 3415 313 3487 atque
338 3407 519 3469 Marcianum
547 3416 629 3467 recte
658 3406 848 3466 contendisse
876 3405 994 3465 videtur
1024 3405 1054 3463 in
1079 3403 1286 3464 dissertatione
1314 3422 1377 3484 sua,

225 3534 300 3593 quae
329 3524 374 3575 est
404 3514 440 3574 de
470 3514 596 3574 Macario
625 3513 760 3592 Magnete
790 3521 821 3572 et
848 3513 967 3591 scriptis
998 3513 1063 3570 eius
1090 3509 1212 3570 Parisiis
1240 3529 1264 3570 a.
1291 3507 1374 3571 1877

224 3621 335 3700 publici
355 3623 429 3682 iuris
449 3622 523 3680 lacta
543 3639 570 3699 p.
592 3616 621 3679 4.
659 3616 690 3677 L.
710 3618 876 3699 Buchesne,
896 3619 981 3677 cuius
1001 3618 1147 3676 sententia
1171 3635 1246 3676 novo
1265 3617 1376 3676 firmari

225 3736 323 3807 potest
346 3734 530 3807 argumento.
567 3724 621 3787 Est
644 3728 723 3786 enim
747 3725 841 3786 codex
860 3724 1049 3784 Atheniensis
1069 3717 1254 3783 ‘chartaceus
1278 3724 1309 3782 in
1331 3716 1375 3802 4⁰,

225 3830 364 3917 101125,
383 3853 458 3896 saec.
474 3833 543 3916 XV„
562 3835 646 3893 initio
667 3841 697 3893 et
715 3834 773 3893 fine
788 3825 931 3894 mutilus'.
964 3829 1150 3890 Describitur
1164 3836 1264 3889 autem
1283 3828 1375 3888 codex

224 3941 391 4002 Marcianus
415 3944 446 4002 in
470 3941 605 4002 codicum
633 3938 729 4000 indice
752 3958 841 4000 manu
866 3939 992 4018 scripto,
1023 3954 1111 4015 quem
1139 3943 1173 3995 ut
1196 3937 1375 4014 inspicerem

224 4049 355 4110 venetiis
393 4050 503 4109 lactum
536 4057 581 4108 est
613 4048 723 4126 insigni
756 4046 874 4107 loannis
902 4043 1012 4104 Veludo
1044 4042 1186 4123 praelecti
1219 4041 1374 4101 bibliothe-

225 4175 276 4216 cae
316 4155 351 4215 ad
391 4154 457 4214 Divi
493 4153 585 4215 Marci
621 4153 812 4214 Venetiarum
850 4151 1009 4211 voluntate.
1063 4147 1240 4209 Inscrihitur
1277 4155 1375 4208 autem

226 4262 375 4341 catalogus
398 4264 452 4322 ita:
484 4259 594 4342 „Index
618 4260 764 4320 librorum
787 4255 1026 4318 reverendissimi
1046 4254 1195 4336 quondam
1213 4237 1375 4316 cardinalis

224 4402 436 4410 —----——

298 4491 324 4557 1)
343 4486 439 4540 Scribe
459 4487 636 4540 Ἀντωνῖνον.
