3192 4906
593 249 634 306 De
653 249 754 305 Iuliani
772 249 851 304 libris
869 247 1055 305 restituendis.
1335 242 1396 310 127

251 437 342 499 supra
356 437 384 499 p.
395 415 438 479 99
449 437 491 498 sq.
507 420 638 499 exposui.
666 417 745 497 Ergo
760 416 853 478 altero
867 416 942 478 lihro
957 415 1088 477 lulianus
1102 416 1133 476 in
1148 432 1270 476 examen
1285 420 1398 478 vocarit

223 526 409 606 evangelia.
446 526 550 604 Neque
574 543 675 586 oarere
705 524 872 586 videbimur
895 526 958 584 reri
982 525 1095 603 speeie,
1123 523 1149 582 si
1172 524 1397 606 comederimus,

252 632 374 693 alterius
402 631 472 693 libri
501 633 619 693 initium
649 631 816 711 proiectum
846 649 911 692 esse
940 649 957 690 a
984 629 1130 691 Matthaeo
1159 637 1190 689 et
1216 627 1296 690 Luoa
1323 634 1397 716 vitu·

250 741 376 821 peratis,
398 739 478 819 quod
497 738 651 800 differrent
674 741 705 799 in
724 737 835 798 Christi
852 755 961 817 genere
981 735 1148 796 referendo.
1185 734 1227 796 Cl.
1247 734 1349 797 llatth.
1371 736 1398 818 1,

254 842 371 905 1—17.
403 843 474 906 Luc.
494 842 524 928 3,
542 842 683 907 23—38.
726 844 888 906 Consilium
911 845 990 904 enim
1014 841 1093 922 quod
1118 852 1238 923 ceperat
1259 862 1398 923 perseeu-

251 961 316 1013 tum
341 970 406 1012 esse
429 951 588 1032 lulianum,
611 953 697 1013 testis
721 959 767 1012 est
786 950 986 1030 Hieronymus
1010 967 1115 1010 comm.
1139 951 1169 1010 in
1188 949 1289 1010 Matth.
1308 949 1357 1010 lih.
1376 949 1398 1010 l.

252 1077 315 1139 cap.
329 1058 379 1119 lll.
399 1052 468 1142 (vol.
483 1057 542 1118 Vll.
561 1078 589 1139 p.
606 1056 645 1120 11
662 1050 776 1141 Vall.²):
800 1053 898 1118 ‘laooh
918 1066 1016 1119 autem
1035 1058 1138 1136 genuit
1157 1055 1263 1137 loseph
1283 1050 1398 1139 (Matth.

253 1158 369 1246 1,16).
415 1163 477 1225 lloo
505 1165 570 1225 loeo
599 1163 709 1225 obiecit
737 1162 822 1224 nohis
850 1163 980 1224 lulianus
1009 1163 1160 1242 Augustus
1188 1163 1399 1224 dissonantiam

251 1270 507 1353 evangelistarum,
522 1289 577 1332 our
592 1271 770 1352 evangelista
784 1269 950 1332 Matthaeus
964 1253 1071 1350 loseph
1085 1267 1193 1330 dixerit
1206 1269 1299 1331 filium
1313 1269 1400 1330 laeoh

252 1387 283 1439 et
296 1377 392 1439 Luoas
411 1395 480 1438 eum
494 1376 587 1438 tilium
607 1377 761 1458 appellarit
774 1372 863 1439 Heli'.
897 1377 955 1448 Qui
974 1377 1127 1438 dissensus
1147 1378 1267 1437 minime
1286 1377 1401 1456 abipso

251 1484 366 1545 iuliano
381 1492 427 1545 est
440 1485 590 1565 detectus3
604 1483 748 1545 habemns
763 1485 842 1544 enim
857 1492 1041 1563 compertum
1058 1501 1093 1543 ex
1108 1482 1230 1545 Eusebii
1245 1503 1313 1545 eum
1327 1483 1400 1544 alios
1441 1475 1445 1484 ’

252 1590 321 1652 hist.
341 1590 411 1652 eool.
430 1589 485 1673 l,l
507 1600 536 1652 et
555 1589 592 1649 Vl
611 1587 652 1651 31
678 1608 745 1651 cum
766 1589 838 1650 alios
862 1597 926 1650 tum
949 1589 1056 1650 lulium
1079 1589 1251 1650 Airicanum
1275 1588 1401 1671 epistula

253 1695 289 1757 ad
313 1696 472 1766 Aristidem
496 1696 563 1758 data
586 1715 708 1777 operam
732 1696 862 1778 dedisse,
891 1706 924 1757 ut
948 1703 1087 1757 neutrum
1111 1697 1211 1756 neutri
1234 1713 1400 1776 repugnare

228 1890 232 1897 .
253 1803 433 1865 ostenderet.
812 1890 833 1953 2

343 1997 386 2059 Ex
410 1997 439 2060 3.
463 2001 628 2079 fragmento
651 1997 834 2078 intellegitur
857 1999 995 2059 miratum
1019 2016 1091 2058 esse
1108 1996 1255 2060 lulianum
1278 1999 1401 2083 stellam,

214 2136 218 2140 ·
253 2123 313 2184 qua
344 2105 523 2184 patefactum
551 2113 597 2166 est
629 2105 812 2185 sapientibus
843 2107 874 2164 in
907 2106 1036 2185 oriente,
1069 2113 1169 2166 natum
1198 2124 1265 2166 esse
1292 2125 1402 2169 novum

252 2210 430 2271 ludaeorum
450 2201 559 2290 regem.
591 2208 777 2288 Ἑωεφόρον
796 2219 894 2272 autem
914 2211 1027 2272 stellam
1046 2211 1178 2274 lulianus
1197 2213 1401 2293 appellaverat.

253 2315 380 2395 Cyrillus
409 2319 489 2377 enim
512 2313 612 2378 ‘stella
635 2312 750 2379 autem'
778 2319 877 2397 inquit
900 2313 964 2377 ‘itta
991 2336 1051 2378 nou
1079 2337 1115 2379 ex
1145 2336 1270 2380 numero
1297 2319 1401 2380 harum

252 2423 470 2485 ordinariorum
494 2434 569 2504 erat,
593 2434 626 2485 ut
648 2426 705 2485 iste
729 2419 898 2501 ἑωεφόρον
922 2443 1024 2486 earum
1046 2421 1139 2498 dieit’.

814 2581 843 2646 3.

343 2691 394 2771 ng.
415 2689 444 2753 4.
473 2690 599 2772 Cyrillus
618 2691 828 2753 dioit'Mariam
848 2711 907 2753 non
923 2693 1009 2772 plane
1028 2694 1208 2755 intellexisse
1228 2697 1403 2774 mysterium

254 2817 400 2879 personae
416 2799 535 2861 Christi.
572 2799 604 2860 ld
624 2798 704 2878 quod
722 2798 768 2866 his
787 2799 967 2861 factumest.
1003 2800 1135 2862 Primum
1153 2809 1221 2881 post
1239 2805 1403 2863 orationem

255 2907 412 2986 Symeonis
435 2901 519 2988 (Luo.
544 2905 574 2988 2,
592 2900 753 2988 29—32);
777 2915 848 2967 sunt
869 2909 949 2967 enim
971 2907 1044 2968 haee
1067 2905 1165 2969 Lucae
1189 2908 1278 2969 verha
1299 2907 1328 2989 2,
1347 2906 1404 2971 33:

254 3010 308 3074 καὶ
330 3010 370 3090 ἦν
394 3009 413 3074 ὁ
431 3011 535 3090 πατὴρ
555 3009 654 3073 αὐτοῦ
677 3009 728 3073 καὶ
749 3009 769 3088 ἡ
789 3011 889 3089 μήτηρ
909 3011 1008 3075 αὐτοῦ
1027 3009 1241 3089 θαυμάζοντεε
1260 3013 1313 3076 ἐπὶ
1335 3017 1403 3077 τοῖε
1481 3007 1487 3020 '

255 3118 468 3196 λαλουμένοις
491 3117 563 3194 περὶ
587 3116 694 3180 αὐτοῦ.
735 3119 883 3202 Alterum,
910 3139 980 3181 oum
1006 3121 1099 3182 silium
1126 3121 1282 3204 duodecim
1311 3140 1404 3182 annos

256 3235 361 3288 natum
383 3230 414 3287 in
438 3227 549 3307 templo
572 3228 736 3288 invenisset
755 3226 918 3290 docentem.
956 3227 1059 3308 Neque
1079 3231 1157 3290 enim
1177 3218 1241 3289 eius
1264 3228 1353 3289 verba
1376 3224 1405 3288 τί

255 3331 308 3395 ὅτι
336 3331 474 3410 ἐζητεῖτέ
503 3351 557 3410 με;
585 3329 643 3394 οὐκ
670 3333 774 3415 ᾔδειτε
802 3329 851 3395 ὅτι
879 3332 916 3396 ἐν
943 3336 1011 3396 roi<
1039 3336 1096 3397 τοῦ
1124 3330 1246 3411 πατρόε
1270 3352 1330 3410 μου
1356 3335 1406 3395 δεῖ

256 3436 340 3504 εἷναί
359 3459 410 3517 με;
436 3438 673 3522 comprehendit3
697 3441 733 3501 el.
752 3439 822 3502 Luc.
842 3438 873 3523 2,
892 3436 935 3502 50
959 3440 1010 3504 καὶ
1034 3431 1187 3504 αὐτοὶόὐ
1207 3443 1344 3517 ευνῆκαν
1366 3439 1404 3502 τὸ

256 3545 341 3624 ῥῆμα
364 3543 556 3624 δέλάληεεν
576 3543 693 3609 αὐτοῖς.
735 3547 797 3608 lam
819 3566 889 3609 vero
909 3549 1026 3610 videtur
1044 3549 1175 3610 lulianus
1197 3548 1264 3608 ideo
1283 3547 1404 3609 Mariam

256 3657 382 3717 miratus
411 3673 490 3736 esse,
524 3653 604 3733 quod
632 3653 776 3715 Gahrielis
803 3656 942 3717 nuntium
974 3658 1123 3736 accepisse
1151 3655 1327 3736 traderetur.
1364 3655 1405 3716 ho

256 3765 385 3824 fortasse
409 3781 445 3822 ex
468 3760 577 3823 Mariae
600 3760 700 3822 verbis
723 3763 851 3822 coniecit
873 3762 975 3822 fiotum
999 3780 1064 3822 esse
1088 3761 1171 3823 illum
1194 3765 1340 3824 nuntium.

708 4029 759 4088 rx
780 4029 857 4089 noro
881 4028 957 4088 ΧΗ.
1053 4025 1057 4031 ·
1094 3980 1097 3988 ’

633 4135 642 4154 ’
818 4149 847 4213 4.

348 4259 392 4321 Ex
411 4261 575 4339 fragmento
596 4257 624 4320 t.
648 4259 835 4320 efficiendum
856 4277 921 4319 esse
943 4258 1013 4319 mihi
1034 4260 1151 4321 videtur
1172 4263 1320 4322 invectum
1340 4279 1405 4321 esse
1457 4341 1459 4346 Ι

256 4368 405 4430 lulianum
428 4370 459 4427 in
479 4366 589 4428 Christi
612 4367 701 4427 verba
726 4385 741 4427 a
760 4366 859 4426 Marco
881 4365 908 4448 1,
929 4363 970 4426 14
985 4385 1047 4448 sqq.
1071 4367 1170 4427 relata.
1208 4367 1284 4428 Sunt
1307 4376 1406 4427 autem
