3194 4904
262 891 384 979 cyrilli
414 891 638 970 Alexandrini
666 889 830 962 librorum
859 894 977 962 enntm
1005 891 1173 962 lulianum
1201 893 1370 966 xl-xx

373 1017 564 1103 fragmenta
592 1017 719 1088 ssrneee
747 1020 781 1087 et
809 1017 950 1107 Syriam
977 1016 1096 1087 Latine
1124 1018 1259 1088 reddita

749 1168 889 1240 disposuit

668 1305 703 1362 (λ
725 1303 752 1362 1.
775 1305 968 1362 Heumann.

765 1424 872 1431 -

697 1535 747 1595 Ex
769 1535 848 1617 libre
872 1534 928 1594 XI.

804 1693 830 1755 1.

330 1813 377 1878 Ex
407 1817 509 1879 Leoni.
534 1827 564 1879 et
588 1818 686 1879 ioann.
710 1828 765 1880 vni.
790 1838 817 1898 ρ.
840 1815 910 1879 104.
956 1815 1022 1880 Τοῦ
1052 1815 1206 1895 μακαρίου
1236 1815 1391 1895 Κυρίλλου
1502 1841 1508 1850 ’

241 1923 277 1988 ἐκ
299 1927 358 1988 τοῦ
383 1920 423 1988 ια’
448 1922 637 2001 λόγον’τῶν
661 1922 741 1987 κατὰ
765 1922 946 1988 Ἰουλιανοῦ.

330 2029 461 2110 Ἀληθὲτ
484 2029 601 2107 εἰπεῖν,
625 2027 670 2092 ὡ(
694 2027 713 2092 ὁ
736 2029 944 2106 κατοιόμενοτ
967 2029 1018 2093 καὶ
1040 2032 1285 2109 καταφρονητὴς
1309 2029 1389 2110 ἀνὴρ

240 2134 370 2204 ἀλαζὼν
397 2137 495 2202 οὐδὲν
522 2139 562 2217 μὴ
586 2135 709 2218 περάνῃ
720 2131 745 2220 ¹)
778 2136 858 2200 κατὰ
887 2137 944 2215 τὴν
976 2139 1035 2199 τοῦ
1063 2137 1234 2215 προφήτου
1262 2139 1391 2216 φωνήν·

241 2241 338 2322 οἴητιτ
365 2244 427 2322 γὰρ
455 2247 620 2335 προκοπῆτ
648 2244 766 2322 ἑκκοπή
794 2242 874 2306 κατὰ
901 2243 960 2306 τὸν
988 2244 1098 2308 κοινὸν
1126 2243 1176 2307 καὶ
1205 2244 1241 2307 ἐν
1265 2242 1390 2322 ττόματι

241 2353 306 2415 τῶν
330 2351 463 2414 πολλῶν
487 2349 567 2415 ὄντα
591 2347 699 2428 λόγον.

800 2492 831 2556 2.

330 2619 373 2680 Ex
396 2618 500 2683 Leoni.
523 2629 555 2682 ei
577 2619 676 2681 loann.
701 2640 729 2700 p.
751 2616 824 2682 104.
856 2614 906 2682 Ἐκ
928 2620 987 2682 τοῦ
1010 2615 1119 2682 αὐτοῦ.

331 2722 436 2802 Οἴητιτ
460 2728 626 2803 προκοπή(
656 2724 788 2803 ἐκκοπή·
817 2723 875 2788 τὸν
904 2723 1051 2803 μὲνγὰρ
1081 2723 1307 2802 ὁμολογοῦντα
1332 2727 1391 2804 τήν

242 2827 376 2906 ἄγνοιαν
400 2830 481 2913 ῥᾷον
504 2829 545 2896 ἄν
569 2851 615 2895 τι(
635 2832 827 2911 ἑπιττήτειεν
851 2835 919 2896 wic
938 2830 1030 2896 οὔπω
1050 2833 1310 2909 διαγνωεμένοιτ·
1333 2830 1390 2896 τόν

240 2957 276 3012 γε
301 2937 362 3015 μὴν
370 2933 396 3021 ²)
424 2937 461 3002 ἐν
485 2941 609 3018 δοκήτει
637 2942 695 3003 τοῦ
719 2937 838 3003 εἰδέναι
863 2933 975 3024 [καὶ]3)
1000 2935 1126 3017 ἄτοφόν
1153 2957 1187 3002 τε
1212 2939 1263 3002 καὶ
1285 2935 1389 3017 ἀμαθῆ

240 3042 344 3120 πάντη
367 3064 401 3108 τε
425 3045 476 3108 καὶ
500 3044 629 3111 πάντα(
653 3044 806 3110 ἀποτελεῖ
833 3045 871 3110 τὸ
895 3045 1013 3110 εἰδέναι
1037 3048 1159 3109 δοκεῖν*
1187 3043 1228 3107 οὐ
1255 3043 1390 3123 γάρτοι

240 3149 401 3227 προπίεται
425 3152 500 3215 τοὺ(
524 3154 590 3216 τῶν
614 3152 829 3216 διδατκόντων
853 3150 978 3229 λόγουτ.

329 3259 508 3341 Depnnmpie
529 3279 593 3322 esse
614 3262 752 3324 videntur
775 3263 940 3342 fragmenta
961 3260 977 3321 l
999 3269 1028 3322 et
1047 3257 1068 3322 2
1092 3279 1127 3322 ex
1150 3261 1300 3322 undecimi
1322 3259 1389 3322 libri

190 3411 194 3416 .
241 3366 370 3427 exordio.
408 3366 539 3429 Alterius
562 3377 661 3430 autem
685 3368 774 3429 verba
798 3371 892 3449 prima
915 3363 1014 3444 οἴητιτ
1038 3368 1203 3443 προκοπῇ(
1222 3365 1340 3443 ἐκκοπή
1364 3369 1390 3426 si

240 3472 346 3532 lemma
365 3491 430 3536 esse
451 3491 565 3554 censes,
584 3476 642 3536 inm
661 3493 741 3536 nune
761 3476 959 3553 fragmentum
979 3473 1106 3535 alierum
1120 3475 1231 3554 optime
1250 3473 1389 3534 comeret

241 3597 309 3639 eum
334 3581 439 3660 prime,
463 3581 567 3641 lacuna
591 3600 650 3641 non
674 3583 866 3661 interposite:
1028 3564 1031 3568 ⁵

799 3755 828 3820 3.

330 3883 359 3944 S.
384 3882 493 3964 Cyniili.
523 3881 566 3944 Ex
591 3881 666 3944 libro
690 3881 738 3943 xl.
763 3883 905 3944 adversus
928 3883 1074 3945 Iulianum
1098 3883 1277 3965 Aposiatem.

329 3990 407 4062 Quid
430 3989 503 4052 illud
523 4000 568 4052 est
587 3992 663 4072 novi,
686 3992 789 4072 amice,
808 3992 834 4052 si
853 3990 1001 4053 voluntate
1017 3990 1071 4052 Dei
1089 3989 1172 4052 stella
1192 4000 1295 4052 eontra
1319 4007 1387 4050 eon·

311 4165 337 4232 1)
360 4164 448 4231 πέραν
474 4165 492 4230 ἢ
521 4163 619 4220 Maius.
647 4164 753 4233 περάνῃ
777 4162 899 4233 Migniue
926 4163 1030 4220 Patrol.
1060 4161 1158 4218 Graec.
1183 4161 1238 4218 vol.
1263 4158 1386 4215 Lxxvi.

238 4251 382 4323 p.105⁷c
401 4253 553 4309 seeundum
571 4253 704 4308 Hnbaeue
722 4257 753 4321 2,
768 4259 792 4306 ο,

311 4343 339 4412 2)
357 4344 457 4408 τόνγε
477 4346 531 4410 μὴν
551 4340 681 4411 Migniue.
701 4347 793 4410 τῷγε
813 4342 862 4407 μὲν
881 4341 978 4395 Maium

267 4471 271 4479 ,
311 4439 337 4498 3)
357 4435 401 4485 καλ
421 4433 520 4506 delevi.
