3192 4906
518 293 559 346 De
578 291 679 345 iuliani
697 293 789 347 verbis
808 293 1016 348 constituendis.
1280 296 1343 358 149

199 478 261 519 ram
290 462 321 518 in
349 459 517 538 Capnioneo
546 459 637 520 fuisse
661 458 877 539 Oecoiampadii
906 461 1112 538 interpretatio
1140 462 1227 523 docet
1257 462 1344 523 haec:

198 563 296 626 ‘Matri
321 567 400 625 enim
424 565 537 644 Iupiter
560 584 738 644 congressus
762 577 820 646 est,
847 569 1073 646 procreavitque
1097 587 1133 628 ex
1161 585 1195 626 ea
1223 567 1341 628 liberos.

197 673 278 734 idem
307 674 391 732 duxit
420 691 543 733 uxorem
571 672 659 731 filiam
688 691 788 754 suam,
816 675 875 733 imo
900 692 959 732 non
987 673 1071 735 duxit
1098 691 1221 735 uxorem
1245 674 1343 755 tiliam,

163 833 167 844 ,
198 781 249 840 sed
274 780 448 859 simpliciter
476 797 655 858 congressus
684 798 751 840 oum
776 799 823 862 ea,
851 779 936 840 alteri
961 799 1026 840 eam
1049 777 1190 842 tradidit?
1228 781 1343 852 Quibus

197 889 227 948 in
255 887 355 947 verbis
387 895 508 966 apparet
537 886 736 966 corruptelam
765 887 870 968 iatere3
901 887 1024 948 delenda
1054 891 1132 948 enim
1161 896 1231 948 sunt
1254 887 1342 948 verba

197 992 294 1056 amoc
321 993 380 1070 τὴν
408 990 508 1054 αὐτοῦ
538 993 708 1069 θυγατέρα,
738 1013 812 1072 quae
842 1002 908 1054 ante
938 989 1021 1055 ἀλλὰ
1049 995 1198 1074 leguntur.
1238 994 1342 1073 Neque

197 1111 295 1163 tamen
315 1101 338 1159 V
361 1100 407 1161 rel
424 1099 456 1163 V
479 1099 622 1160 medelam
640 1099 853 1182 praebuerunt,
872 1101 924 1160 sed
943 1101 1085 1162 mendum
1108 1104 1196 1161 etiam
1215 1103 1341 1180 gravius.

196 1209 275 1268 Haec
291 1210 369 1268 enim
384 1209 414 1267 in
429 1214 557 1285 utroque
573 1207 674 1267 codice
689 1209 895 1268 inveniuntur:
919 1206 1010 1283 μητρὶ
1024 1205 1085 1283 γὰρ
1100 1204 1119 1268 ὁ
1134 1205 1216 1268 Ζεὺ(
1230 1205 1341 1284 ἐμίχθη

195 1314 245 1376 καὶ
269 1310 580 1391 παιδοποιηεάμενοε
608 1310 645 1376 ἐξ
674 1310 788 1390 αὐτῆ(
817 1311 957 1389 ἔγημεν
986 1311 1101 1374 αὐτὸ(
1128 1314 1196 1390 τὴν
1224 1312 1341 1374 αὐτοῦ
1388 1367 1398 1372 ,

194 1417 276 1506 (sic)
305 1418 520 1495 θυγατέρα,·
541 1415 624 1480 ἀλλὰ
646 1417 708 1480 κτὲ.
750 1420 831 1490 Quae
860 1419 1028 1499 corruptela
1056 1422 1130 1480 oriri
1158 1439 1218 1480 non
1245 1423 1343 1499 potuit

195 1533 252 1590 nisi
271 1549 307 1590 ex
326 1549 369 1610 ea,
388 1546 446 1607 qua
463 1525 723 1606 iam.Capnioneus
741 1529 913 1604 inquinatus
933 1534 1004 1588 erat.
1037 1527 1139 1606 Neque
1160 1527 1341 1606 neglegenda

195 1646 264 1698 sunt
286 1633 522 1717 lulianiyerba,
550 1651 624 1711 quae
648 1651 676 1712 p.
699 1630 822 1702 13lcu
851 1632 999 1712 leguntur.
1036 1632 1093 1692 Ubi
1122 1634 1194 1693 haec
1222 1633 1342 1694 exhibet

193 1744 286 1804 codex
310 1742 347 1804 V:
375 1737 573 1802 ἀπολαύουει
603 1736 710 1815 μόνονΙ
731 1741 787 1815 τῆ(
815 1737 986 1802 oratioue
1015 1737 1065 1800 καὶ
1092 1741 1148 1816 τῆ(
1175 1736 1341 1815 ῥητορεία(

193 1847 224 1912 οἱ
244 1847 315 1910 λίαν
335 1845 475 1925 εὐφυεῖς,
494 1842 566 1907 ἀλλ’
580 1843 656 1906 οὐδὲ
672 1843 806 1906 οὐδενὸς
825 1840 1099 1922 μεταλαμβάνουα
1118 1841 1336 1924 μαθήματοεῑ).

196 1956 251 2017 Ubi
271 1951 342 2016 ἀλλ’
361 1952 437 2016 οὐδὲ
461 1957 491 2014 in
511 1948 612 2014 ἄλλου
631 1951 667 2012 δὲ
691 1951 865 2012 mutandum
884 1970 949 2012 esse
973 1954 1179 2030 unusquisque
1199 1955 1340 2013 continuo

193 2063 344 2142 perspicit.
382 2057 481 2132 Quid?
505 2059 590 2131 Quod
611 2067 691 2119 recta
711 2061 859 2138 scrIptura
880 2061 910 2119 in
931 2057 963 2122 Μ
982 2061 1141 2140 iuvenitur,
1166 2059 1218 2118 sod
1237 2061 1286 2139 ita,
1305 2068 1339 2120 ut

194 2169 278 2230 facile
302 2168 503 2248 intellegatur,
528 2185 587 2245 quo
611 2165 697 2225 modo
726 2173 790 2226 orta
821 2167 859 2226 sit
883 2165 1064 2246 corruptela3
1093 2160 1232 2226 ἄλλουδὲ
1259 2169 1338 2227 enirn

194 2275 235 2336 ibi
258 2283 353 2337 exstat
373 2293 408 2334 ne
429 2276 550 2334 minimo
569 2273 690 2352 quidem
713 2274 807 2352 spatio
832 2274 910 2333 inter
929 2267 1030 2333 ἄλλου
1050 2280 1080 2332 et
1099 2270 1135 2332 δὲ
1159 2274 1338 2333 intermisso.

193 2380 258 2452 Quo
286 2400 322 2441 ex
354 2379 419 2440 loco
448 2379 635 2439 efficiendum
664 2388 710 2439 est
737 2379 760 2437 V
788 2387 839 2440 aut
866 2399 902 2439 ex
935 2380 1000 2457 ipso
1032 2379 1133 2440 codice
1158 2377 1190 2439 Μ
1225 2387 1275 2440 aut
1304 2399 1339 2439 ex

193 2487 296 2548 eodem
320 2495 408 2566 atque
432 2488 457 2545 is
480 2486 600 2545 fluxisse
626 2485 714 2544 fonte.
752 2485 796 2544 Ex
820 2504 854 2544 ea
873 2494 971 2545 autem
991 2503 1078 2563 quam
1097 2489 1228 2565 priorem
1252 2486 1337 2547 attuli

193 2593 362 2674 corruptela
381 2588 423 2674 (p.
442 2589 486 2652 44
497 2589 533 2673 Β)
556 2589 738 2670 intellegitur
758 2591 787 2654 V
806 2599 836 2652 et
854 2591 878 2649 V
901 2611 936 2652 ex
961 2591 1064 2653 ‘eodem
1088 2593 1190 2653 codice
1209 2593 1339 2673 descrip-

193 2711 238 2761 tos
258 2719 324 2760 esse
345 2717 440 2777 neque
459 2707 558 2758 tamen
578 2716 614 2756 ex
632 2699 697 2776 ipso
717 2696 750 2760 Μ
773 2698 818 2758 rel
837 2701 902 2758 eius
927 2699 1021 2778 sonte,
1045 2699 1096 2759 sed
1116 2719 1151 2758 ex
1170 2699 1338 2779 apographo

194 2808 328 2888 quodam.
367 2807 445 2886 Ergo
470 2814 593 2893 stemma
617 2806 807 2866 statuendum
832 2815 878 2866 est
901 2815 952 2866 aut
974 2805 1045 2867 hoo:

753 2943 781 2996 Μ

752 3020 778 3136 i

704 3209 728 3261 V

791 3209 817 3262 u

778 3367 803 3419 x

754 3454 849 3547 Ἷλ

740 3493 766 3544 Υ

589 3589 592 3594 ’
701 3579 804 3669 fv

279 3749 363 3809 Nunc
383 3747 531 3808 afferenda
550 3746 621 3806 mihi
646 3756 716 3807 sunt
735 3755 916 3826 argumenta,
939 3745 1047 3825 quibus
1071 3744 1194 3825 probem
1218 3763 1277 3804 non
1300 3764 1336 3805 ex

191 3856 222 3918 M
242 3857 364 3916 fluxisse
383 3855 501 3915 codices
520 3852 550 3914 V
569 3863 598 3914 et
613 3853 644 3934 V,
664 3854 715 3913 sed
736 3873 772 3914 ex
788 3853 891 3913 eodem
912 3855 1002 3934 sonte,
1021 3860 1109 3930 atque
1128 3870 1196 3912 eum
1216 3849 1336 3929 quidem
1360 3845 1364 3854 '

190 3967 288 4043 ipsum
312 3964 403 4023 fuisse
424 3960 634 4040 Capnioneum.
677 3959 801 4021 Exstant
824 3962 903 4019 enim
927 3960 985 4019 loci
1007 3960 1085 4020 haud
1108 3955 1335 4038 pauci‚'quibus

190 4061 246 4151 Vi)
271 4068 371 4128 differt
394 4086 409 4126 a
434 4066 480 4148 M,
509 4066 561 4126 sed
586 4064 709 4126 eandem
732 4065 855 4144 praehet
879 4067 1069 4146 scripturam,
1098 4083 1185 4144 quam
1209 4066 1239 4124 iu
1264 4062 1335 4142 Cap·

263 4242 287 4307 1)
308 4237 380 4304 quid
399 4238 423 4290 V
442 4238 495 4292 hoc
514 4235 577 4292 loco
596 4234 731 4306 praebeat
748 4235 855 4306 ignoro.

260 4331 288 4396 2)
308 4325 380 4390 Quin
394 4327 515 4380 codexV
528 4326 615 4390 etium
629 4325 664 4380 iis
681 4325 760 4391 locis,
776 4341 893 4394 quarum
907 4324 1058 4394 scripturas
1068 4323 1196 4378 Loewius
1210 4322 1240 4376 in
1253 4341 1334 4376 usum

190 4433 283 4470 meum
303 4433 359 4470 uon
378 4415 532 4481 adnotavit,
553 4433 615 4469 cum
634 4414 660 4467 V
680 4411 844 4481 consentiat,
864 4413 986 4468 dubitari
1004 4430 1059 4467 non
1078 4413 1178 4482 potest.
