3192 4906
265 260 328 324 156
755 262 846 331 Capul
865 262 912 315 lll.
1059 277 1061 284 ·

260 429 433 506 imperatori
457 445 609 488 removere
628 427 721 509 licuit,
745 429 802 487 nisi
825 427 957 487 laborem
977 431 1130 508 suscipere
1149 429 1242 489 voluit
1265 430 1406 488 maiorem

261 552 349 612 quam
373 553 462 612 quem
486 541 618 613 tempora
641 536 858 614 permitterent.
905 533 986 605 Quae
1015 553 1083 595 cum
1112 536 1152 595 ita
1176 535 1248 612 sint,
1271 541 1406 594 nostrum

261 643 319 701 erit
342 641 517 722 diiudicare,
542 641 684 701 vocalium
709 659 888 700 concursum
918 643 1083 720 graviorem
1112 640 1220 719 quibus
1243 633 1317 700 locis
1344 641 1407 718 ipse

184 765 188 774 ·
260 747 391 808 lulianus
414 751 507 809 vitare
531 749 672 830 noluerit,
696 747 804 827 quibus
827 747 1016 810 librariorum
1040 748 1224 828 neglegentia
1242 746 1386 807 intulerit.

350 854 391 915 λα
420 857 549 934 primum
582 856 702 934 quidem
732 855 876 916 vocalium
906 874 1055 916 concursu
1077 857 1176 917 hiatus
1199 874 1232 915 re
1256 873 1325 914 vera
1349 872 1407 913 non

261 963 399 1043 efficitur,
422 961 474 1023 ubi
497 963 692 1039 respiratione
717 964 810 1022 oratio
834 961 973 1023 distincta
997 971 1050 1024 est.
1087 963 1190 1042 Neque
1213 964 1305 1040 igitur
1325 961 1404 1039 quic·

262 1087 350 1147 quam
373 1068 504 1148 impedit,
529 1086 565 1128 nc
589 1071 619 1128 in
639 1068 759 1128 brevem
780 1069 824 1128 vel
847 1069 963 1149 longam
982 1070 1113 1130 vocalem
1132 1069 1247 1130 desinat
1270 1068 1405 1128 ultimum

261 1179 407 1237 enuntiati
435 1174 588 1236 cuiusdam
617 1174 740 1236 verbum
768 1193 842 1235 neve
870 1194 887 1235 a
916 1175 999 1236 brevi
1022 1176 1067 1235 vel
1090 1176 1177 1255 longa
1199 1176 1321 1253 incipiat
1348 1175 1405 1252 pri·

262 1302 342 1344 nrum
366 1285 431 1343 eius
454 1280 532 1361 quod
558 1285 701 1361 sequitur.
748 1280 829 1344 Idem
852 1283 928 1344 valet
951 1284 987 1344 de
1012 1284 1144 1343 eiusdem
1173 1283 1319 1342 envvntiati
1341 1298 1405 1358 par-

261 1388 341 1450 tibus
364 1393 404 1451 ita
428 1390 584 1470 distinctis
609 1397 641 1449 ut
664 1393 974 1470 respiratio'exsistat.
1020 1390 1083 1462 Qua
1107 1391 1144 1450 de
1168 1408 1256 1450 causa
1279 1388 1405 1448 admitti-

259 1505 310 1557 tur
333 1495 489 1576 gravisde
514 1514 572 1574 quo
597 1499 709 1576 agimus
733 1497 877 1559 vocalium
902 1516 1066 1558 concursus

349 1598 383 1687 1)
408 1611 475 1664 ante
505 1605 746 1665 coniunctionem
770 1606 982 1666 adversativam
1005 1600 1096 1665 ἀλλά.
1148 1604 1191 1665 Gl.
1218 1601 1281 1664 100
1296 1602 1332 1663 t:
1360 1597 1407 1662 ὅτι

257 1743 298 1752 -
319 1706 454 1770 τούτου(
475 1706 643 1772 ἐκλεκτούτ
662 1729 758 1789 φητιν
774 1745 811 1754 -
831 1707 945 1788 Ἰητοῦτ
965 1708 984 1772 ὁ
1004 1710 1191 1786 Ναζωραῑοτ
1215 1708 1408 1784 ἐπιδείξω,

257 1812 357 1877 ἀλλὰ
392 1849 432 1858 -
467 1815 519 1878 καὶ
551 1815 694 1881 Παῦλον.
750 1815 869 1880 253Βι
904 1815 962 1880 οὐκ
995 1814 1116 1894 εἴρηται
1148 1817 1221 1894 περὶ
1253 1815 1406 1892 τούτου,

258 1919 356 1985 ἀλλὰ
378 1920 451 1999 περὶ
474 1925 529 2000 τῆ(
552 1927 611 1986 τοῦ
636 1923 740 2002 Δαβὶδ
766 1922 931 2003 βατιλείατ.

348 2025 384 2113 2)
406 2038 476 2091 ante
506 2036 747 2096 coniunctionem
778 2034 985 2094 disiunctivam
1013 2029 1086 2094 εἴτε.
1132 2033 1175 2094 Gi.
1198 2030 1241 2094 96
1257 2032 1294 2093 D:
1332 2027 1407 2092 εἴτε

259 2134 458 2213 ἀγένητοι,
488 2135 565 2202 εἴτε
588 2137 646 2203 ὑπ’
673 2137 778 2204 ἄλλου
798 2139 856 2219 μὲν
879 2137 1064 2216 γεγονότετ,
1093 2135 1182 2221 ἄλλῳ
1207 2139 1241 2201 δέ
1266 2140 1407 2214 λειτουρ-

259 2247 330 2318 γεῖν
362 2245 594 2322 τεταγμένοι
626 2244 702 2309 είτε
734 2243 841 2309 ἄλλοι(
873 2265 950 2308 πυκ.
998 2245 1063 2308 262
1087 2248 1122 2308 C:
1146 2245 1227 2323 πρὸ(
1250 2245 1309 2309 τὸν
1333 2245 1408 2309 θεὸν

260 2347 341 2412 εἶναι
361 2349 531 2428 λέγεται,
556 2349 633 2414 εἴτε
657 2350 675 2414 ὁ
694 2352 729 2415 ἐκ
744 2352 869 2431 Μαρία(
883 2353 1048 2430 γεννηθεὶς
1063 2349 1126 2416 είτε
1142 2349 1241 2415 ἄλλο(
1254 2351 1301 2416 ric
1317 2352 1408 2417 ἐετιν.

349 2450 385 2540 3)
416 2466 484 2518 ante
517 2460 743 2521 coniunctiones
771 2460 962 2522 disiunctivas
994 2459 1013 2540 ἤ
1043 2470 1073 2522 et
1103 2459 1183 2537 ἤτοι.
1237 2459 1279 2520 Cl.
1309 2457 1352 2522 65
1372 2462 1407 2522 D:

256 2567 325 2628 τοῑτ
357 2560 531 2644 <νοητοῑτ>
569 2567 656 2627 θεοῖ(
689 2563 785 2628 οὐδὲν
818 2563 898 2629 ἄλλο
931 2569 986 2643 τῆν
1018 2562 1189 2627 ἀθανατίαε
1223 2561 1327 2628 αἴτιον
1358 2565 1406 2628 καὶ

259 2675 306 2752 τῷ
340 2669 527 2752 φαινομένῳ
561 2669 683 2754 κότμιρ
714 2674 733 2752 ἢ
767 2673 805 2736 τὸ
838 2671 914 2735 ὑπὸ.
934 2676 993 2736 τοῦ
1026 2674 1220 2750 δημιουργοῦ
1253 2672 1407 2746 γενέτθαι.

262 2777 373 2840 143ῦε
402 2779 534 2840 τοιαῦτα
562 2779 597 2841 δέ
627 2776 720 2842 ὄντα
746 2781 831 2859 ἤτοι
862 2779 973 2858 φύτειτ
1000 2779 1056 2843 εἰει
1083 2781 1150 2841 τιῦν
1174 2776 1279 2842 ὄντων
1301 2779 1321 2856 ἢ
1346 2776 1406 2844 κτὲ.

260 2883 321 2948 148
345 2886 379 2948 C:
412 2881 543 2962 ἄμεινον
572 2921 613 2930 -
644 2884 830 2966 ἀγνοῆται
864 2888 883 2966 ἢ
916 2885 977 2950 κτὲ.
1036 2885 1097 2948 168
1118 2887 1154 2950 B:
1191 2890 1229 2968 τῇ
1258 2883 1406 2948 (όλωνοε

258 2990 476 3074 ἀνεξικακίᾳ
498 2994 517 3071 ἢ
541 2998 579 3076 τῇ
602 2991 769 3072 Ῥωμαίων
795 3027 836 3038 -
860 2991 1018 3074 ἐπιεικείᾳ.
1066 2989 1131 3053 290
1152 2991 1189 3052 D:
1217 2989 1288 3053 υἱὸν
1317 2994 1405 3054 θεοῦ

257 3101 276 3178 ἢ
311 3098 372 3162 κτὲ.
428 3098 493 3162 306
518 3104 554 3164 A:
595 3105 652 3164 τοῦ
685 3098 954 3177 θυτιαττηρίου
986 3101 1005 3178 ἢ
1040 3134 1083 3142 ν-
1115 3101 1173 3161 τοῦ
1206 3095 1407 3175 ἁγιάτματοτ.

257 3207 325 3288 Pag.
352 3207 414 3270 190
439 3209 474 3270 C:
507 3206 666 3286 Αίακοῦῆ
695 3219 725 3270 et
754 3206 818 3270 224
842 3208 878 3270 C:
913 3204 1081 3287 Φωκυλίδῃ
1111 3206 1130 3284 ἢ
1159 3216 1189 3266 et
1213 3203 1404 3282 Θεόγνιδιῆ

244 3313 382 3386 =dubium
412 3313 471 3397 est,
507 3326 608 3377 utrum
645 3316 683 3376 oh
716 3318 957 3377 coniunctionem
989 3313 1008 3391 ἢ
1042 3333 1078 3373 an
1112 3332 1220 3374 nomen
1251 3316 1405 3394 proprium

256 3421 355 3483 hiatus
379 3423 564 3504 admittatur3
592 3442 657 3502 pag.
688 3420 788 3484 184ss
822 3425 901 3483 inter
930 3419 1164 3498 ἐπιτηδεύματα
1192 3429 1222 3480 et
1244 3419 1264 3496 ἢ
1288 3421 1405 3499 signum

259 3532 500 3608 interrogationis
523 3533 625 3609 posuit
648 3529 880 3591 Gutsehmidins.

347 3628 384 3716 4)
408 3644 476 3695 ante
508 3638 684 3714 pronomina
717 3635 845 3696 relativa.
902 3635 944 3695 Cf.
969 3633 1010 3696 89
1035 3637 1073 3696 A:
1106 3633 1293 3711 φρονήτεωτ
1312 3631 1404 3720 ,ἀπη-

260 3736 412 3815 γόρεοτεν
437 3737 455 3800 ὁ
484 3739 557 3802 θεὸε
587 3736 747 3821 ἀνθρώπῳ
771 3740 988 3818 γειίτατῦαι,
1021 3738 1062 3817 ἢ(
1093 3738 1189 3802 οὐδὲν
1218 3737 1257 3802 ἀν
1287 3737 1334 3817 εἴη
1363 3758 1404 3800 τι·

258 3845 424 3924 μιώτερον,
468 3845 584 3908 2180:
613 3843 643 3908 οἱ
666 3845 727 3923 γάρ
756 3847 794 3924 δὴ
819 3845 944 3910 τούτων
967 3843 1120 3909 ἐλάττουε
1150 3881 1187 3890 -
1216 3843 1403 3920 ἀγνοοῦν-

257 3947 330 4034 τζαι,
354 3949 405 4016 ὧν
429 3951 558 4015 ἕκαττοτ
581 3951 642 4016 κτὲ.
690 3952 733 4016 96
753 3953 791 4015 D:
819 3952 859 4016 τά
888 3954 945 4031 μέν
976 3973 1050 4030 φητι
1081 3955 1224 4018 κελεῦεαι
1247 3953 1307 4016 τὸν
1330 3951 1405 4016 θεὸν

257 4059 448 4136 γενέτθαι,
473 4058 734 4137 ὥτπερὴμέραν
752 4094 801 4138 -,
816 4059 906 4122 τὰδὲ
921 4064 1088 4138 ποιῆται,
1113 4056 1405 4136 ὥτπερούρανόν.

233 4168 331 4229 'Cum
355 4170 442 4227 etiam
466 4176 534 4247 post
557 4165 615 4242 καὶ,
638 4166 682 4244 τέ,
706 4166 735 4244 ἢ,
760 4166 805 4244 δέ,
829 4166 901 4243 περὶ
930 4168 1043 4229 hiatum
1067 4168 1182 4228 admitti
1206 4168 1283 4227 inira
1307 4176 1407 4227 osten-

255 4274 384 4335 dendum
413 4277 465 4354 sit,
497 4273 538 4334 nil
567 4275 645 4335 eisaei
672 4282 772 4353 potest
800 4294 835 4335 ex
862 4293 926 4354 pag.
954 4273 1015 4336 138
1032 4275 1069 4336 B:
1101 4272 1153 4335 καὶ
1180 4270 1252 4346 ὅτα;
1288 4271 1406 4335 206Ατ

254 4378 372 4457 ἄνδρας
391 4400 435 4458 τε,
458 4379 562 4464 οἵουτ,
587 4379 653 4443 290
668 4382 706 4442 ll:
729 4378 799 4442 υἱὸν
820 4383 896 4443 θεοῦ
915 4381 934 4459 ἢ
958 4377 1061 4443 ὅπως
1086 4378 1125 4442 ἀν
1145 4378 1244 4442 αὐτὸν
1265 4381 1402 4452 καλεῖτε;
