<?xml version="1.0" encoding="UTF-8"?>
<!DOCTYPE html PUBLIC "-//W3C//DTD XHTML 1.0 Transitional//EN"
    "http://www.w3.org/TR/xhtml1/DTD/xhtml1-transitional.dtd">
<html xmlns="http://www.w3.org/1999/xhtml" xml:lang="en" lang="en">
 <head>
  <title>
</title>
<meta http-equiv="Content-Type" content="text/html;charset=utf-8" />
  <meta name='ocr-system' content='tesseract 3.04.00' />
  <meta name='ocr-capabilities' content='ocr_page ocr_carea ocr_par ocr_line ocrx_word'/>
</head>
<body>
  <div class='ocr_page' id='page_1' title='image "./ivlianiimperato00juligoog_0028.png"; bbox 0 0 3194 4904; ppageno 0'>
   <div class='ocr_carea' id='block_1_1' title="bbox 231 313 862 382">
    <p class='ocr_par' dir='ltr' id='par_1_1' title="bbox 231 313 862 382">
     <span class='ocr_line' id='line_1_1' title="bbox 231 313 862 382; baseline -0.011 -8"><span class='ocrx_word' id='word_1_1' title='bbox 231 313 271 374; x_wconf 76' lang='lat'>12</span> <span class='ocrx_word' id='word_1_2' title='bbox 735 313 825 382; x_wconf 81' lang='lat' dir='ltr'>Caput</span> <span class='ocrx_word' id='word_1_3' title='bbox 843 315 862 367; x_wconf 92' lang='lat' dir='ltr'>I.</span> 
     </span>
    </p>
   </div>
   <div class='ocr_carea' id='block_1_2' title="bbox 226 478 1446 3657">
    <p class='ocr_par' dir='ltr' id='par_1_2' title="bbox 226 478 1446 3657">
     <span class='ocr_line' id='line_1_2' title="bbox 228 478 1376 558; baseline 0 -20"><span class='ocrx_word' id='word_1_4' title='bbox 228 481 353 539; x_wconf 82' lang='lat' dir='ltr'>maxime</span> <span class='ocrx_word' id='word_1_5' title='bbox 377 480 525 541; x_wconf 90' lang='lat' dir='ltr'>studiosos</span> <span class='ocrx_word' id='word_1_6' title='bbox 554 481 645 541; x_wconf 86' lang='lat' dir='ltr'>luisse</span> <span class='ocrx_word' id='word_1_7' title='bbox 670 498 738 540; x_wconf 89' lang='lat' dir='ltr'>cum</span> <span class='ocrx_word' id='word_1_8' title='bbox 761 479 901 540; x_wconf 78' lang='lat' dir='ltr'>basilium</span> <span class='ocrx_word' id='word_1_9' title='bbox 926 485 955 539; x_wconf 91' lang='lat' dir='ltr'>et</span> <span class='ocrx_word' id='word_1_10' title='bbox 978 478 1154 558; x_wconf 89' lang='lat' dir='ltr'>Gregorium</span> <span class='ocrx_word' id='word_1_11' title='bbox 1179 478 1376 558; x_wconf 81' lang='lat' dir='ltr'>Cappadoces,</span> 
     </span>
     <span class='ocr_line' id='line_1_3' title="bbox 228 584 1375 666; baseline 0 -22"><span class='ocrx_word' id='word_1_12' title='bbox 228 593 290 646; x_wconf 95' lang='lat' dir='ltr'>tum</span> <span class='ocrx_word' id='word_1_13' title='bbox 315 585 512 666; x_wconf 80' lang='lat' dir='ltr'>Apollinarem</span> <span class='ocrx_word' id='word_1_14' title='bbox 536 585 744 648; x_wconf 87' lang='lat' dir='ltr'>Laodicenum.</span> <span class='ocrx_word' id='word_1_15' title='bbox 781 590 876 666; x_wconf 82' lang='lat' dir='ltr'><strong>Atque</strong></span> <span class='ocrx_word' id='word_1_16' title='bbox 900 586 980 647; x_wconf 93' lang='lat' dir='ltr'>hunc</span> <span class='ocrx_word' id='word_1_17' title='bbox 1005 586 1124 665; x_wconf 90' lang='lat' dir='ltr'>quidem</span> <span class='ocrx_word' id='word_1_18' title='bbox 1147 584 1196 645; x_wconf 90' lang='lat' dir='ltr'>illa</span> <span class='ocrx_word' id='word_1_19' title='bbox 1222 586 1285 664; x_wconf 90' lang='lat' dir='ltr'>lege</span> <span class='ocrx_word' id='word_1_20' title='bbox 1309 603 1375 664; x_wconf 93' lang='lat' dir='ltr'>per·</span> 
     </span>
     <span class='ocr_line' id='line_1_4' title="bbox 228 693 1376 775; baseline 0 -22"><span class='ocrx_word' id='word_1_21' title='bbox 228 702 349 775; x_wconf 89' lang='lat' dir='ltr'>motum,</span> <span class='ocrx_word' id='word_1_22' title='bbox 374 705 406 755; x_wconf 92' lang='lat' dir='ltr'>ut</span> <span class='ocrx_word' id='word_1_23' title='bbox 429 698 602 756; x_wconf 89' lang='lat' dir='ltr'>restitueret</span> <span class='ocrx_word' id='word_1_24' title='bbox 625 696 851 774; x_wconf 72' lang='lat' dir='ltr'>detrimentum,</span> <span class='ocrx_word' id='word_1_25' title='bbox 875 693 1032 754; x_wconf 91' lang='lat' dir='ltr'>consilium</span> <span class='ocrx_word' id='word_1_26' title='bbox 1055 695 1170 772; x_wconf 84' lang='lat' dir='ltr'>cepisse</span> <span class='ocrx_word' id='word_1_27' title='bbox 1194 695 1317 754; x_wconf 91' lang='lat' dir='ltr'>materia</span> <span class='ocrx_word' id='word_1_28' title='bbox 1340 711 1376 753; x_wconf 83' lang='lat' dir='ltr'>ex</span> 
     </span>
     <span class='ocr_line' id='line_1_5' title="bbox 227 798 1376 881; baseline -0.001 -22"><span class='ocrx_word' id='word_1_29' title='bbox 227 803 320 861; x_wconf 93' lang='lat' dir='ltr'>sacris</span> <span class='ocrx_word' id='word_1_30' title='bbox 343 801 426 862; x_wconf 92' lang='lat' dir='ltr'>libris</span> <span class='ocrx_word' id='word_1_31' title='bbox 450 801 624 881; x_wconf 88' lang='lat' dir='ltr'>deprompta</span> <span class='ocrx_word' id='word_1_32' title='bbox 651 801 770 861; x_wconf 88' lang='lat' dir='ltr'>heroica</span> <span class='ocrx_word' id='word_1_33' title='bbox 795 801 925 859; x_wconf 90' lang='lat' dir='ltr'>carmina</span> <span class='ocrx_word' id='word_1_34' title='bbox 948 798 1108 880; x_wconf 87' lang='lat' dir='ltr'>pangendi,</span> <span class='ocrx_word' id='word_1_35' title='bbox 1136 799 1257 860; x_wconf 88' lang='lat' dir='ltr'>Pindari</span> <span class='ocrx_word' id='word_1_36' title='bbox 1284 800 1376 879; x_wconf 84' lang='lat' dir='ltr'>lyram</span> 
     </span>
     <span class='ocr_line' id='line_1_6' title="bbox 227 899 1376 989; baseline 0.001 -23"><span class='ocrx_word' id='word_1_37' title='bbox 227 906 369 989; x_wconf 91' lang='lat' dir='ltr'>imitandi,</span> <span class='ocrx_word' id='word_1_38' title='bbox 389 910 461 986; x_wconf 93' lang='lat' dir='ltr'>quin</span> <span class='ocrx_word' id='word_1_39' title='bbox 476 910 564 968; x_wconf 88' lang='lat' dir='ltr'>etiam</span> <span class='ocrx_word' id='word_1_40' title='bbox 579 907 732 968; x_wconf 85' lang='lat' dir='ltr'>Menandri</span> <span class='ocrx_word' id='word_1_41' title='bbox 751 905 918 966; x_wconf 85' lang='lat' dir='ltr'>comoedias</span> <span class='ocrx_word' id='word_1_42' title='bbox 938 899 1144 989; x_wconf 83' lang='lat' dir='ltr'>superandi¹);</span> <span class='ocrx_word' id='word_1_43' title='bbox 1166 926 1261 986; x_wconf 90' lang='lat' dir='ltr'>neque</span> <span class='ocrx_word' id='word_1_44' title='bbox 1278 909 1376 967; x_wconf 90' lang='lat' dir='ltr'>minus</span> 
     </span>
     <span class='ocr_line' id='line_1_7' title="bbox 228 1006 1376 1094; baseline -0.001 -21"><span class='ocrx_word' id='word_1_45' title='bbox 228 1015 382 1092; x_wconf 80' lang='lat' dir='ltr'>scripsisse</span> <span class='ocrx_word' id='word_1_46' title='bbox 407 1023 509 1075; x_wconf 90' lang='lat' dir='ltr'>contra</span> <span class='ocrx_word' id='word_1_47' title='bbox 529 1015 673 1075; x_wconf 91' lang='lat' dir='ltr'>lulianum</span> <span class='ocrx_word' id='word_1_48' title='bbox 697 1006 907 1094; x_wconf 79' lang='lat' dir='ltr'>imperatorem</span> <span class='ocrx_word' id='word_1_49' title='bbox 931 1021 961 1073; x_wconf 91' lang='lat' dir='ltr'>et</span> <span class='ocrx_word' id='word_1_50' title='bbox 980 1013 1160 1074; x_wconf 86' lang='lat' dir='ltr'>Graecorum</span> <span class='ocrx_word' id='word_1_51' title='bbox 1184 1013 1376 1093; x_wconf 90' lang='lat' dir='ltr'>philosophos</span> 
     </span>
     <span class='ocr_line' id='line_1_8' title="bbox 228 1119 1377 1200; baseline 0.002 -22"><span class='ocrx_word' id='word_1_52' title='bbox 228 1119 336 1181; x_wconf 93' lang='lat' dir='ltr'>librum</span> <span class='ocrx_word' id='word_1_53' title='bbox 365 1123 417 1199; x_wconf 93' lang='lat' dir='ltr'>qui</span> <span class='ocrx_word' id='word_1_54' title='bbox 444 1140 498 1200; x_wconf 94' lang='lat' dir='ltr'>pro</span> <span class='ocrx_word' id='word_1_55' title='bbox 527 1124 651 1182; x_wconf 89' lang='lat' dir='ltr'>veritate</span> <span class='ocrx_word' id='word_1_56' title='bbox 683 1121 907 1181; x_wconf 84' lang='lat' dir='ltr'>inscriberetur.</span> <span class='ocrx_word' id='word_1_57' title='bbox 944 1119 1072 1181; x_wconf 88' lang='lat' dir='ltr'>Dubium</span> <span class='ocrx_word' id='word_1_58' title='bbox 1101 1122 1192 1199; x_wconf 89' lang='lat' dir='ltr'>igilur</span> <span class='ocrx_word' id='word_1_59' title='bbox 1221 1137 1286 1180; x_wconf 91' lang='lat' dir='ltr'>esse</span> <span class='ocrx_word' id='word_1_60' title='bbox 1318 1139 1377 1180; x_wconf 92' lang='lat' dir='ltr'>non</span> 
     </span>
     <span class='ocr_line' id='line_1_9' title="bbox 226 1226 1376 1308; baseline 0 -22"><span class='ocrx_word' id='word_1_61' title='bbox 226 1234 334 1308; x_wconf 90' lang='lat' dir='ltr'>potest,</span> <span class='ocrx_word' id='word_1_62' title='bbox 353 1230 425 1306; x_wconf 92' lang='lat' dir='ltr'>quin</span> <span class='ocrx_word' id='word_1_63' title='bbox 445 1231 534 1288; x_wconf 89' lang='lat' dir='ltr'>etiam</span> <span class='ocrx_word' id='word_1_64' title='bbox 552 1228 642 1288; x_wconf 91' lang='lat' dir='ltr'>huius</span> <span class='ocrx_word' id='word_1_65' title='bbox 661 1227 752 1288; x_wconf 90' lang='lat' dir='ltr'>libelli</span> <span class='ocrx_word' id='word_1_66' title='bbox 771 1226 979 1288; x_wconf 91' lang='lat' dir='ltr'>conscribendi</span> <span class='ocrx_word' id='word_1_67' title='bbox 999 1245 1086 1287; x_wconf 89' lang='lat' dir='ltr'>cansa</span> <span class='ocrx_word' id='word_1_68' title='bbox 1107 1229 1254 1288; x_wconf 86' lang='lat' dir='ltr'>exstiterit</span> <span class='ocrx_word' id='word_1_69' title='bbox 1269 1226 1376 1305; x_wconf 92' lang='lat' dir='ltr'>Apolli·</span> 
     </span>
     <span class='ocr_line' id='line_1_10' title="bbox 226 1328 1376 1416; baseline 0 -24"><span class='ocrx_word' id='word_1_70' title='bbox 226 1336 291 1393; x_wconf 92' lang='lat' dir='ltr'>nari</span> <span class='ocrx_word' id='word_1_71' title='bbox 305 1334 351 1393; x_wconf 87' lang='lat' dir='ltr'>lex</span> <span class='ocrx_word' id='word_1_72' title='bbox 370 1334 418 1394; x_wconf 89' lang='lat' dir='ltr'>illa</span> <span class='ocrx_word' id='word_1_73' title='bbox 434 1353 523 1412; x_wconf 91' lang='lat' dir='ltr'>supra</span> <span class='ocrx_word' id='word_1_74' title='bbox 538 1328 807 1416; x_wconf 78' lang='lat' dir='ltr'>commemorata2).</span> <span class='ocrx_word' id='word_1_75' title='bbox 841 1334 936 1405; x_wconf 83' lang='lat' dir='ltr'>Quem</span> <span class='ocrx_word' id='word_1_76' title='bbox 951 1337 976 1394; x_wconf 94' lang='lat' dir='ltr'>si</span> <span class='ocrx_word' id='word_1_77' title='bbox 996 1334 1218 1395; x_wconf 90' lang='lat' dir='ltr'>consideramus</span> <span class='ocrx_word' id='word_1_78' title='bbox 1233 1335 1376 1412; x_wconf 87' lang='lat' dir='ltr'>scriptum</span> 
     </span>
     <span class='ocr_line' id='line_1_11' title="bbox 228 1441 1378 1530; baseline 0.002 -31"><span class='ocrx_word' id='word_1_79' title='bbox 228 1459 378 1530; x_wconf 88' lang='lat' dir='ltr'>essenon</span> <span class='ocrx_word' id='word_1_80' title='bbox 402 1441 456 1501; x_wconf 91' lang='lat' dir='ltr'>soli</span> <span class='ocrx_word' id='word_1_81' title='bbox 479 1441 605 1523; x_wconf 90' lang='lat' dir='ltr'>Iuliano,</span> <span class='ocrx_word' id='word_1_82' title='bbox 629 1443 680 1502; x_wconf 91' lang='lat' dir='ltr'>sed</span> <span class='ocrx_word' id='word_1_83' title='bbox 705 1445 793 1502; x_wconf 89' lang='lat' dir='ltr'>etiam</span> <span class='ocrx_word' id='word_1_84' title='bbox 817 1441 881 1502; x_wconf 92' lang='lat' dir='ltr'>aliis</span> <span class='ocrx_word' id='word_1_85' title='bbox 900 1441 1081 1502; x_wconf 86' lang='lat' dir='ltr'>Graecorum</span> <span class='ocrx_word' id='word_1_86' title='bbox 1104 1442 1297 1523; x_wconf 91' lang='lat' dir='ltr'>pbilosophis,</span> <span class='ocrx_word' id='word_1_87' title='bbox 1326 1443 1378 1521; x_wconf 95' lang='lat' dir='ltr'>qui</span> 
     </span>
     <span class='ocr_line' id='line_1_12' title="bbox 229 1548 1377 1629; baseline 0.003 -24"><span class='ocrx_word' id='word_1_88' title='bbox 229 1564 296 1606; x_wconf 90' lang='lat' dir='ltr'>cum</span> <span class='ocrx_word' id='word_1_89' title='bbox 321 1565 335 1605; x_wconf 89' lang='lat' dir='ltr'>a</span> <span class='ocrx_word' id='word_1_90' title='bbox 361 1550 483 1609; x_wconf 91' lang='lat' dir='ltr'>veritate</span> <span class='ocrx_word' id='word_1_91' title='bbox 503 1548 691 1609; x_wconf 87' lang='lat' dir='ltr'>aberrassent</span> <span class='ocrx_word' id='word_1_92' title='bbox 711 1567 838 1627; x_wconf 91' lang='lat' dir='ltr'>eaquae</span> <span class='ocrx_word' id='word_1_93' title='bbox 862 1567 921 1609; x_wconf 93' lang='lat' dir='ltr'>non</span> <span class='ocrx_word' id='word_1_94' title='bbox 940 1549 1061 1608; x_wconf 91' lang='lat' dir='ltr'>deceret</span> <span class='ocrx_word' id='word_1_95' title='bbox 1084 1548 1200 1608; x_wconf 83' lang='lat' dir='ltr'>debeo</span> <span class='ocrx_word' id='word_1_96' title='bbox 1221 1552 1377 1629; x_wconf 90' lang='lat' dir='ltr'>sentirent,</span> 
     </span>
     <span class='ocr_line' id='line_1_13' title="bbox 228 1647 1378 1735; baseline 0.002 -23"><span class='ocrx_word' id='word_1_97' title='bbox 228 1647 407 1735; x_wconf 78' lang='lat' dir='ltr'>deperditi3)</span> <span class='ocrx_word' id='word_1_98' title='bbox 431 1654 499 1715; x_wconf 91' lang='lat' dir='ltr'>libri</span> <span class='ocrx_word' id='word_1_99' title='bbox 519 1656 743 1735; x_wconf 88' lang='lat' dir='ltr'>argumentandi</span> <span class='ocrx_word' id='word_1_100' title='bbox 767 1658 912 1716; x_wconf 87' lang='lat' dir='ltr'>rationem</span> <span class='ocrx_word' id='word_1_101' title='bbox 931 1674 1018 1715; x_wconf 89' lang='lat' dir='ltr'>nemo</span> <span class='ocrx_word' id='word_1_102' title='bbox 1042 1673 1102 1715; x_wconf 89' lang='lat' dir='ltr'>non</span> <span class='ocrx_word' id='word_1_103' title='bbox 1120 1663 1219 1734; x_wconf 91' lang='lat' dir='ltr'>potest</span> <span class='ocrx_word' id='word_1_104' title='bbox 1237 1655 1378 1735; x_wconf 92' lang='lat' dir='ltr'>divinare,</span> 
     </span>
     <span class='ocr_line' id='line_1_14' title="bbox 229 1760 1378 1840; baseline 0.001 -21"><span class='ocrx_word' id='word_1_105' title='bbox 229 1762 279 1839; x_wconf 93' lang='lat' dir='ltr'>qui</span> <span class='ocrx_word' id='word_1_106' title='bbox 298 1761 428 1838; x_wconf 90' lang='lat' dir='ltr'>paullum</span> <span class='ocrx_word' id='word_1_107' title='bbox 445 1763 531 1822; x_wconf 94' lang='lat' dir='ltr'>modo</span> <span class='ocrx_word' id='word_1_108' title='bbox 546 1771 680 1824; x_wconf 90' lang='lat' dir='ltr'>versatus</span> <span class='ocrx_word' id='word_1_109' title='bbox 695 1766 734 1824; x_wconf 89' lang='lat' dir='ltr'>sit</span> <span class='ocrx_word' id='word_1_110' title='bbox 752 1766 783 1823; x_wconf 93' lang='lat' dir='ltr'>in</span> <span class='ocrx_word' id='word_1_111' title='bbox 797 1763 854 1823; x_wconf 90' lang='lat' dir='ltr'>boc</span> <span class='ocrx_word' id='word_1_112' title='bbox 869 1763 1034 1823; x_wconf 88' lang='lat' dir='ltr'>litterarum</span> <span class='ocrx_word' id='word_1_113' title='bbox 1049 1780 1166 1840; x_wconf 87' lang='lat' dir='ltr'>genere.</span> <span class='ocrx_word' id='word_1_114' title='bbox 1202 1760 1378 1822; x_wconf 88' lang='lat' dir='ltr'>Inhonestos</span> 
     </span>
     <span class='ocr_line' id='line_1_15' title="bbox 228 1868 1377 1950; baseline 0 -23"><span class='ocrx_word' id='word_1_115' title='bbox 228 1885 292 1927; x_wconf 91' lang='lat' dir='ltr'>esse</span> <span class='ocrx_word' id='word_1_116' title='bbox 317 1878 347 1929; x_wconf 93' lang='lat' dir='ltr'>et</span> <span class='ocrx_word' id='word_1_117' title='bbox 372 1877 474 1946; x_wconf 91' lang='lat' dir='ltr'>turpes</span> <span class='ocrx_word' id='word_1_118' title='bbox 498 1869 534 1929; x_wconf 91' lang='lat' dir='ltr'>de</span> <span class='ocrx_word' id='word_1_119' title='bbox 559 1870 667 1949; x_wconf 91' lang='lat' dir='ltr'>quibus</span> <span class='ocrx_word' id='word_1_120' title='bbox 690 1876 794 1950; x_wconf 75' lang='lat' dir='ltr'>poetae</span> <span class='ocrx_word' id='word_1_121' title='bbox 819 1876 941 1949; x_wconf 86' lang='lat' dir='ltr'>agerent</span> <span class='ocrx_word' id='word_1_122' title='bbox 965 1868 1088 1928; x_wconf 90' lang='lat' dir='ltr'>deorum</span> <span class='ocrx_word' id='word_1_123' title='bbox 1113 1886 1226 1949; x_wconf 91' lang='lat' dir='ltr'>mores,</span> <span class='ocrx_word' id='word_1_124' title='bbox 1249 1869 1377 1948; x_wconf 93' lang='lat' dir='ltr'>philoso-</span> 
     </span>
     <span class='ocr_line' id='line_1_16' title="bbox 228 1972 1446 2060; baseline 0 -27"><span class='ocrx_word' id='word_1_125' title='bbox 228 1973 355 2052; x_wconf 92' lang='lat' dir='ltr'>phorum</span> <span class='ocrx_word' id='word_1_126' title='bbox 375 1983 474 2036; x_wconf 87' lang='lat' dir='ltr'>autem</span> <span class='ocrx_word' id='word_1_127' title='bbox 494 1984 632 2056; x_wconf 87' lang='lat' dir='ltr'>quantam</span> <span class='ocrx_word' id='word_1_128' title='bbox 652 1996 718 2037; x_wconf 87' lang='lat' dir='ltr'>esse</span> <span class='ocrx_word' id='word_1_129' title='bbox 740 1972 969 2037; x_wconf 85' lang='lat' dir='ltr'>dissensionem!</span> <span class='ocrx_word' id='word_1_130' title='bbox 1005 1973 1135 2033; x_wconf 91' lang='lat' dir='ltr'>Inveniri</span> <span class='ocrx_word' id='word_1_131' title='bbox 1159 1992 1228 2034; x_wconf 92' lang='lat' dir='ltr'>sane</span> <span class='ocrx_word' id='word_1_132' title='bbox 1252 1975 1282 2033; x_wconf 90' lang='lat' dir='ltr'>in</span> <span class='ocrx_word' id='word_1_133' title='bbox 1306 1992 1378 2033; x_wconf 91' lang='lat' dir='ltr'>non·</span> <span class='ocrx_word' id='word_1_134' title='bbox 1444 2056 1446 2060; x_wconf 19' lang='grc' dir='ltr'>ι</span> 
     </span>
     <span class='ocr_line' id='line_1_17' title="bbox 229 2057 1378 2163; baseline 0.001 -24"><span class='ocrx_word' id='word_1_135' title='bbox 229 2080 379 2141; x_wconf 91' lang='lat' dir='ltr'>nullorum</span> <span class='ocrx_word' id='word_1_136' title='bbox 402 2082 645 2163; x_wconf 91' lang='lat' dir='ltr'>pbilosophorum</span> <span class='ocrx_word' id='word_1_137' title='bbox 670 2085 790 2163; x_wconf 92' lang='lat' dir='ltr'>scriptis</span> <span class='ocrx_word' id='word_1_138' title='bbox 813 2082 906 2142; x_wconf 90' lang='lat' dir='ltr'>bonas</span> <span class='ocrx_word' id='word_1_139' title='bbox 930 2057 1071 2161; x_wconf 88' lang='lat' dir='ltr'>quasdam</span> <span class='ocrx_word' id='word_1_140' title='bbox 1096 2082 1257 2140; x_wconf 90' lang='lat' dir='ltr'>sententias</span> <span class='ocrx_word' id='word_1_141' title='bbox 1281 2099 1378 2158; x_wconf 92' lang='lat' dir='ltr'>neque</span> 
     </span>
     <span class='ocr_line' id='line_1_18' title="bbox 229 2187 1379 2271; baseline -0.002 -24"><span class='ocrx_word' id='word_1_142' title='bbox 229 2188 413 2271; x_wconf 81' lang='lat' dir='ltr'>abiciendas3</span> <span class='ocrx_word' id='word_1_143' title='bbox 441 2209 490 2250; x_wconf 89' lang='lat' dir='ltr'>eas</span> <span class='ocrx_word' id='word_1_144' title='bbox 519 2198 616 2252; x_wconf 90' lang='lat' dir='ltr'>autem</span> <span class='ocrx_word' id='word_1_145' title='bbox 641 2192 830 2271; x_wconf 90' lang='lat' dir='ltr'>depromptas</span> <span class='ocrx_word' id='word_1_146' title='bbox 854 2206 920 2248; x_wconf 92' lang='lat' dir='ltr'>esse</span> <span class='ocrx_word' id='word_1_147' title='bbox 945 2205 1048 2247; x_wconf 89' lang='lat' dir='ltr'>omnes</span> <span class='ocrx_word' id='word_1_148' title='bbox 1078 2205 1112 2247; x_wconf 85' lang='lat' dir='ltr'>cx</span> <span class='ocrx_word' id='word_1_149' title='bbox 1137 2187 1226 2246; x_wconf 90' lang='lat' dir='ltr'>lllosis</span> <span class='ocrx_word' id='word_1_150' title='bbox 1250 2188 1379 2264; x_wconf 91' lang='lat' dir='ltr'>scriptis,</span> 
     </span>
     <span class='ocr_line' id='line_1_19' title="bbox 231 2293 1379 2375; baseline -0.001 -21"><span class='ocrx_word' id='word_1_151' title='bbox 231 2314 318 2374; x_wconf 91' lang='lat' dir='ltr'>quem</span> <span class='ocrx_word' id='word_1_152' title='bbox 333 2299 546 2375; x_wconf 87' lang='lat' dir='ltr'>antiquissimis</span> <span class='ocrx_word' id='word_1_153' title='bbox 566 2299 658 2358; x_wconf 87' lang='lat' dir='ltr'>luisse</span> <span class='ocrx_word' id='word_1_154' title='bbox 678 2294 862 2375; x_wconf 88' lang='lat' dir='ltr'>temporibus</span> <span class='ocrx_word' id='word_1_155' title='bbox 878 2303 907 2356; x_wconf 91' lang='lat' dir='ltr'>et</span> <span class='ocrx_word' id='word_1_156' title='bbox 924 2301 1018 2354; x_wconf 87' lang='lat' dir='ltr'>aetate</span> <span class='ocrx_word' id='word_1_157' title='bbox 1038 2293 1124 2370; x_wconf 90' lang='lat' dir='ltr'>longe</span> <span class='ocrx_word' id='word_1_158' title='bbox 1143 2296 1256 2353; x_wconf 88' lang='lat' dir='ltr'>anteire</span> <span class='ocrx_word' id='word_1_159' title='bbox 1276 2313 1379 2355; x_wconf 91' lang='lat' dir='ltr'>omnes</span> 
     </span>
     <span class='ocr_line' id='line_1_20' title="bbox 230 2398 1378 2482; baseline -0.003 -20"><span class='ocrx_word' id='word_1_160' title='bbox 230 2401 410 2463; x_wconf 88' lang='lat' dir='ltr'>Graecorum</span> <span class='ocrx_word' id='word_1_161' title='bbox 435 2411 465 2464; x_wconf 91' lang='lat' dir='ltr'>et</span> <span class='ocrx_word' id='word_1_162' title='bbox 487 2409 589 2482; x_wconf 74' lang='lat' dir='ltr'>poetas</span> <span class='ocrx_word' id='word_1_163' title='bbox 609 2412 639 2464; x_wconf 88' lang='lat' dir='ltr'>et</span> <span class='ocrx_word' id='word_1_164' title='bbox 662 2401 853 2482; x_wconf 91' lang='lat' dir='ltr'>philosophos</span> <span class='ocrx_word' id='word_1_165' title='bbox 877 2403 948 2461; x_wconf 91' lang='lat' dir='ltr'>satis</span> <span class='ocrx_word' id='word_1_166' title='bbox 968 2406 1125 2459; x_wconf 88' lang='lat' dir='ltr'>constaret.</span> <span class='ocrx_word' id='word_1_167' title='bbox 1164 2398 1248 2468; x_wconf 87' lang='lat' dir='ltr'>Quod</span> <span class='ocrx_word' id='word_1_168' title='bbox 1272 2401 1298 2457; x_wconf 91' lang='lat' dir='ltr'>si</span> <span class='ocrx_word' id='word_1_169' title='bbox 1321 2407 1378 2458; x_wconf 91' lang='lat' dir='ltr'>sta·</span> 
     </span>
     <span class='ocr_line' id='line_1_21' title="bbox 230 2503 1378 2590; baseline -0.003 -22"><span class='ocrx_word' id='word_1_170' title='bbox 230 2511 341 2569; x_wconf 84' lang='lat' dir='ltr'>luimus</span> <span class='ocrx_word' id='word_1_171' title='bbox 365 2509 456 2570; x_wconf 87' lang='lat' dir='ltr'>fnisse</span> <span class='ocrx_word' id='word_1_172' title='bbox 476 2510 567 2571; x_wconf 91' lang='lat' dir='ltr'>libelli</span> <span class='ocrx_word' id='word_1_173' title='bbox 591 2518 807 2590; x_wconf 85' lang='lat' dir='ltr'>argumentum,</span> <span class='ocrx_word' id='word_1_174' title='bbox 831 2511 892 2568; x_wconf 88' lang='lat' dir='ltr'>iarn·</span> <span class='ocrx_word' id='word_1_175' title='bbox 912 2525 992 2566; x_wconf 88' lang='lat' dir='ltr'>nunc</span> <span class='ocrx_word' id='word_1_176' title='bbox 1011 2503 1210 2583; x_wconf 83' lang='lat' dir='ltr'>intellegimus</span> <span class='ocrx_word' id='word_1_177' title='bbox 1230 2504 1378 2583; x_wconf 93' lang='lat' dir='ltr'>quomodo</span> 
     </span>
     <span class='ocr_line' id='line_1_22' title="bbox 230 2611 1379 2697; baseline -0.003 -23"><span class='ocrx_word' id='word_1_178' title='bbox 230 2617 294 2674; x_wconf 87' lang='lat' dir='ltr'>lieri</span> <span class='ocrx_word' id='word_1_179' title='bbox 322 2619 466 2697; x_wconf 90' lang='lat' dir='ltr'>potuerit,</span> <span class='ocrx_word' id='word_1_180' title='bbox 494 2625 528 2678; x_wconf 92' lang='lat' dir='ltr'>ut</span> <span class='ocrx_word' id='word_1_181' title='bbox 554 2619 585 2677; x_wconf 94' lang='lat' dir='ltr'>in</span> <span class='ocrx_word' id='word_1_182' title='bbox 609 2636 644 2676; x_wconf 90' lang='lat' dir='ltr'>eo</span> <span class='ocrx_word' id='word_1_183' title='bbox 674 2633 774 2676; x_wconf 90' lang='lat' dir='ltr'>sacrae</span> <span class='ocrx_word' id='word_1_184' title='bbox 799 2616 964 2693; x_wconf 89' lang='lat' dir='ltr'>scripturae</span> <span class='ocrx_word' id='word_1_185' title='bbox 993 2613 1051 2671; x_wconf 91' lang='lat' dir='ltr'>loci</span> <span class='ocrx_word' id='word_1_186' title='bbox 1078 2628 1137 2670; x_wconf 92' lang='lat' dir='ltr'>non</span> <span class='ocrx_word' id='word_1_187' title='bbox 1165 2611 1379 2670; x_wconf 89' lang='lat' dir='ltr'>invenirentur.</span> 
     </span>
     <span class='ocr_line' id='line_1_23' title="bbox 230 2715 1378 2802; baseline -0.004 -21"><span class='ocrx_word' id='word_1_188' title='bbox 230 2721 315 2782; x_wconf 81' lang='lat' dir='ltr'>Nam·</span> <span class='ocrx_word' id='word_1_189' title='bbox 328 2725 415 2783; x_wconf 87' lang='lat' dir='ltr'>etiam</span> <span class='ocrx_word' id='word_1_190' title='bbox 434 2732 468 2784; x_wconf 88' lang='lat' dir='ltr'>nt</span> <span class='ocrx_word' id='word_1_191' title='bbox 486 2723 576 2784; x_wconf 92' lang='lat' dir='ltr'>Mosis</span> <span class='ocrx_word' id='word_1_192' title='bbox 596 2730 721 2802; x_wconf 84' lang='lat' dir='ltr'>aetatem</span> <span class='ocrx_word' id='word_1_193' title='bbox 741 2723 831 2782; x_wconf 90' lang='lat' dir='ltr'>certis</span> <span class='ocrx_word' id='word_1_194' title='bbox 850 2719 958 2780; x_wconf 88' lang='lat' dir='ltr'>finibus</span> <span class='ocrx_word' id='word_1_195' title='bbox 978 2715 1270 2796; x_wconf 88' lang='lat' dir='ltr'>circumscriberent,</span> <span class='ocrx_word' id='word_1_196' title='bbox 1289 2716 1378 2776; x_wconf 89' lang='lat' dir='ltr'>Grae-</span> 
     </span>
     <span class='ocr_line' id='line_1_24' title="bbox 231 2823 1380 2910; baseline -0.003 -22"><span class='ocrx_word' id='word_1_197' title='bbox 231 2848 333 2889; x_wconf 92' lang='lat' dir='ltr'>corum</span> <span class='ocrx_word' id='word_1_198' title='bbox 358 2831 591 2910; x_wconf 89' lang='lat' dir='ltr'>chronographis</span> <span class='ocrx_word' id='word_1_199' title='bbox 614 2830 775 2891; x_wconf 87' lang='lat' dir='ltr'>utebantur</span> <span class='ocrx_word' id='word_1_200' title='bbox 798 2828 964 2889; x_wconf 83' lang='lat' dir='ltr'>Christiani.</span> <span class='ocrx_word' id='word_1_201' title='bbox 1006 2824 1083 2885; x_wconf 89' lang='lat' dir='ltr'>Huic</span> <span class='ocrx_word' id='word_1_202' title='bbox 1111 2825 1201 2902; x_wconf 89' lang='lat' dir='ltr'>igitur</span> <span class='ocrx_word' id='word_1_203' title='bbox 1224 2823 1323 2883; x_wconf 91' lang='lat' dir='ltr'>libello</span> <span class='ocrx_word' id='word_1_204' title='bbox 1346 2833 1380 2884; x_wconf 92' lang='lat' dir='ltr'>ut</span> 
     </span>
     <span class='ocr_line' id='line_1_25' title="bbox 230 2931 1379 3015; baseline -0.005 -20"><span class='ocrx_word' id='word_1_205' title='bbox 230 2938 425 3015; x_wconf 89' lang='lat' dir='ltr'>responderet</span> <span class='ocrx_word' id='word_1_206' title='bbox 454 2938 536 2999; x_wconf 89' lang='lat' dir='ltr'>dedit</span> <span class='ocrx_word' id='word_1_207' title='bbox 562 2937 693 2998; x_wconf 87' lang='lat' dir='ltr'>lulianus</span> <span class='ocrx_word' id='word_1_208' title='bbox 721 2936 878 3015; x_wconf 89' lang='lat' dir='ltr'>epistulam</span> <span class='ocrx_word' id='word_1_209' title='bbox 906 2952 988 2994; x_wconf 91' lang='lat' dir='ltr'>suam</span> <span class='ocrx_word' id='word_1_210' title='bbox 1023 2931 1058 2991; x_wconf 92' lang='lat' dir='ltr'>ad</span> <span class='ocrx_word' id='word_1_211' title='bbox 1091 2932 1299 3009; x_wconf 90' lang='lat' dir='ltr'>episcoporum</span> <span class='ocrx_word' id='word_1_212' title='bbox 1328 2948 1379 2990; x_wconf 92' lang='lat' dir='ltr'>eos</span> 
     </span>
     <span class='ocr_line' id='line_1_26' title="bbox 231 3036 1380 3120; baseline -0.005 -19"><span class='ocrx_word' id='word_1_213' title='bbox 231 3044 283 3120; x_wconf 93' lang='lat' dir='ltr'>qni</span> <span class='ocrx_word' id='word_1_214' title='bbox 307 3045 430 3104; x_wconf 85' lang='lat' dir='ltr'>maxime</span> <span class='ocrx_word' id='word_1_215' title='bbox 455 3047 533 3104; x_wconf 91' lang='lat' dir='ltr'>inter</span> <span class='ocrx_word' id='word_1_216' title='bbox 557 3052 673 3105; x_wconf 91' lang='lat' dir='ltr'>ceteros</span> <span class='ocrx_word' id='word_1_217' title='bbox 697 3042 888 3103; x_wconf 84' lang='lat' dir='ltr'>excellebant.</span> <span class='ocrx_word' id='word_1_218' title='bbox 926 3040 1028 3100; x_wconf 84' lang='lat' dir='ltr'>Exstat</span> <span class='ocrx_word' id='word_1_219' title='bbox 1052 3045 1151 3097; x_wconf 89' lang='lat' dir='ltr'>autem</span> <span class='ocrx_word' id='word_1_220' title='bbox 1170 3039 1234 3096; x_wconf 90' lang='lat' dir='ltr'>eius</span> <span class='ocrx_word' id='word_1_221' title='bbox 1254 3036 1380 3115; x_wconf 83' lang='lat' dir='ltr'>epistula</span> 
     </span>
     <span class='ocr_line' id='line_1_27' title="bbox 231 3137 1380 3231; baseline -0.005 -23"><span class='ocrx_word' id='word_1_222' title='bbox 231 3149 265 3208; x_wconf 91' lang='lat' dir='ltr'>ad</span> <span class='ocrx_word' id='word_1_223' title='bbox 286 3149 427 3210; x_wconf 92' lang='lat' dir='ltr'>Basilium</span> <span class='ocrx_word' id='word_1_224' title='bbox 451 3152 517 3212; x_wconf 88' lang='lat' dir='ltr'>data</span> <span class='ocrx_word' id='word_1_225' title='bbox 539 3154 616 3211; x_wconf 91' lang='lat' dir='ltr'>inter</span> <span class='ocrx_word' id='word_1_226' title='bbox 637 3151 777 3231; x_wconf 88' lang='lat' dir='ltr'>epistulas</span> <span class='ocrx_word' id='word_1_227' title='bbox 796 3148 895 3209; x_wconf 78' lang='lat' dir='ltr'>basilii</span> <span class='ocrx_word' id='word_1_228' title='bbox 915 3147 1138 3226; x_wconf 89' lang='lat' dir='ltr'>quadragesima</span> <span class='ocrx_word' id='word_1_229' title='bbox 1158 3137 1271 3217; x_wconf 84' lang='lat' dir='ltr'>(Basilii</span> <span class='ocrx_word' id='word_1_230' title='bbox 1290 3161 1380 3222; x_wconf 90' lang='lat' dir='ltr'>opera</span> 
     </span>
     <span class='ocr_line' id='line_1_28' title="bbox 230 3245 1379 3340; baseline -0.007 -25"><span class='ocrx_word' id='word_1_231' title='bbox 230 3256 275 3316; x_wconf 90' lang='lat' dir='ltr'>ed.</span> <span class='ocrx_word' id='word_1_232' title='bbox 303 3256 453 3319; x_wconf 79' lang='lat' dir='ltr'>Benedici.</span> <span class='ocrx_word' id='word_1_233' title='bbox 485 3258 525 3317; x_wconf 96' lang='lat' dir='ltr'>lll</span> <span class='ocrx_word' id='word_1_234' title='bbox 552 3253 627 3340; x_wconf 80' lang='lat'><strong>123)</strong></span> <span class='ocrx_word' id='word_1_235' title='bbox 661 3260 692 3317; x_wconf 92' lang='lat' dir='ltr'>in</span> <span class='ocrx_word' id='word_1_236' title='bbox 725 3259 810 3317; x_wconf 91' lang='lat' dir='ltr'>cuius</span> <span class='ocrx_word' id='word_1_237' title='bbox 848 3257 905 3314; x_wconf 88' lang='lat' dir='ltr'>fine</span> <span class='ocrx_word' id='word_1_238' title='bbox 938 3253 1130 3312; x_wconf 89' lang='lat' dir='ltr'>inveniuntur</span> <span class='ocrx_word' id='word_1_239' title='bbox 1168 3249 1256 3309; x_wconf 90' lang='lat' dir='ltr'>verba</span> <span class='ocrx_word' id='word_1_240' title='bbox 1290 3245 1309 3308; x_wconf 81' lang='lat' dir='ltr'>a</span> <span class='ocrx_word' id='word_1_241' title='bbox 1344 3247 1379 3309; x_wconf 80' lang='grc' dir='ltr'>δὲ</span> 
     </span>
     <span class='ocr_line' id='line_1_29' title="bbox 232 3356 1380 3441; baseline -0.008 -17"><span class='ocrx_word' id='word_1_242' title='bbox 232 3360 392 3440; x_wconf 85' lang='grc' dir='ltr'>ἀνέγνων,</span> <span class='ocrx_word' id='word_1_243' title='bbox 428 3361 533 3439; x_wconf 74' lang='grc' dir='ltr'>ἔγνων</span> <span class='ocrx_word' id='word_1_244' title='bbox 565 3362 616 3426; x_wconf 81' lang='grc' dir='ltr'>καὶ</span> <span class='ocrx_word' id='word_1_245' title='bbox 648 3363 826 3439; x_wconf 83' lang='grc' dir='ltr'>κατέγνων,</span> <span class='ocrx_word' id='word_1_246' title='bbox 861 3380 936 3441; x_wconf 89' lang='lat' dir='ltr'>qnae</span> <span class='ocrx_word' id='word_1_247' title='bbox 965 3377 1032 3420; x_wconf 92' lang='lat' dir='ltr'>cum</span> <span class='ocrx_word' id='word_1_248' title='bbox 1065 3356 1157 3417; x_wconf 92' lang='lat' dir='ltr'>rebus</span> <span class='ocrx_word' id='word_1_249' title='bbox 1189 3359 1221 3416; x_wconf 94' lang='lat' dir='ltr'>in</span> <span class='ocrx_word' id='word_1_250' title='bbox 1255 3356 1380 3436; x_wconf 90' lang='lat' dir='ltr'>epistula</span> 
     </span>
     <span class='ocr_line' id='line_1_30' title="bbox 231 3453 1380 3544; baseline -0.008 -14"><span class='ocrx_word' id='word_1_251' title='bbox 231 3473 363 3531; x_wconf 91' lang='lat' dir='ltr'>tractatis</span> <span class='ocrx_word' id='word_1_252' title='bbox 393 3475 512 3537; x_wconf 88' lang='lat' dir='ltr'>minime</span> <span class='ocrx_word' id='word_1_253' title='bbox 541 3453 708 3532; x_wconf 85' lang='lat' dir='ltr'>cohaerent.</span> <span class='ocrx_word' id='word_1_254' title='bbox 747 3471 827 3541; x_wconf 87' lang='lat' dir='ltr'>Quae</span> <span class='ocrx_word' id='word_1_255' title='bbox 857 3471 917 3528; x_wconf 92' lang='lat' dir='ltr'>sive</span> <span class='ocrx_word' id='word_1_256' title='bbox 947 3467 1047 3544; x_wconf 89' lang='lat' dir='ltr'>spuria</span> <span class='ocrx_word' id='word_1_257' title='bbox 1071 3473 1116 3524; x_wconf 89' lang='lat' dir='ltr'>est</span> <span class='ocrx_word' id='word_1_258' title='bbox 1145 3466 1205 3523; x_wconf 91' lang='lat' dir='ltr'>sive</span> <span class='ocrx_word' id='word_1_259' title='bbox 1229 3482 1245 3523; x_wconf 90' lang='lat' dir='ltr'>a</span> <span class='ocrx_word' id='word_1_260' title='bbox 1267 3461 1380 3522; x_wconf 93' lang='lat' dir='ltr'>luliano</span> 
     </span>
     <span class='ocr_line' id='line_1_31' title="bbox 232 3572 1380 3657; baseline -0.005 -21"><span class='ocrx_word' id='word_1_261' title='bbox 232 3595 291 3636; x_wconf 91' lang='lat' dir='ltr'>non</span> <span class='ocrx_word' id='word_1_262' title='bbox 316 3576 521 3638; x_wconf 90' lang='lat' dir='ltr'>abiudicanda:</span> <span class='ocrx_word' id='word_1_263' title='bbox 552 3597 627 3657; x_wconf 91' lang='lat' dir='ltr'>quae</span> <span class='ocrx_word' id='word_1_264' title='bbox 655 3577 742 3637; x_wconf 93' lang='lat' dir='ltr'>modo</span> <span class='ocrx_word' id='word_1_265' title='bbox 772 3575 855 3636; x_wconf 87' lang='lat' dir='ltr'>attuli</span> <span class='ocrx_word' id='word_1_266' title='bbox 883 3572 971 3633; x_wconf 86' lang='lat' dir='ltr'>verba</span> <span class='ocrx_word' id='word_1_267' title='bbox 996 3589 1064 3631; x_wconf 91' lang='lat' dir='ltr'>cum</span> <span class='ocrx_word' id='word_1_268' title='bbox 1088 3589 1147 3630; x_wconf 92' lang='lat' dir='ltr'>non</span> <span class='ocrx_word' id='word_1_269' title='bbox 1175 3572 1380 3631; x_wconf 90' lang='lat' dir='ltr'>invenirentur</span> 
     </span>
    </p>
   </div>
   <div class='ocr_carea' id='block_1_3' title="bbox 233 3795 1381 4496">
    <p class='ocr_par' dir='ltr' id='par_1_3' title="bbox 233 3795 1380 4140">
     <span class='ocr_line' id='line_1_32' title="bbox 307 3795 1380 3870; baseline -0.006 -16"><span class='ocrx_word' id='word_1_270' title='bbox 307 3805 332 3869; x_wconf 89' lang='lat'>1)</span> <span class='ocrx_word' id='word_1_271' title='bbox 352 3803 431 3855; x_wconf 89' lang='lat' dir='ltr'>Unde</span> <span class='ocrx_word' id='word_1_272' title='bbox 455 3800 573 3854; x_wconf 87' lang='lat' dir='ltr'>efficitur</span> <span class='ocrx_word' id='word_1_273' title='bbox 597 3799 740 3870; x_wconf 85' lang='lat' dir='ltr'>scripsisse</span> <span class='ocrx_word' id='word_1_274' title='bbox 766 3799 862 3853; x_wconf 89' lang='lat' dir='ltr'>contra</span> <span class='ocrx_word' id='word_1_275' title='bbox 885 3797 1023 3850; x_wconf 89' lang='lat' dir='ltr'>lulianum</span> <span class='ocrx_word' id='word_1_276' title='bbox 1044 3795 1234 3863; x_wconf 77' lang='lat' dir='ltr'>Apollinarem</span> <span class='ocrx_word' id='word_1_277' title='bbox 1257 3796 1380 3863; x_wconf 86' lang='lat' dir='ltr'>patram;</span> 
     </span>
     <span class='ocr_line' id='line_1_33' title="bbox 233 3883 1380 3959; baseline -0.007 -14"><span class='ocrx_word' id='word_1_278' title='bbox 233 3909 296 3945; x_wconf 92' lang='lat' dir='ltr'>eum</span> <span class='ocrx_word' id='word_1_279' title='bbox 312 3891 384 3944; x_wconf 89' lang='lat' dir='ltr'>enim</span> <span class='ocrx_word' id='word_1_280' title='bbox 399 3889 537 3959; x_wconf 86' lang='lat' dir='ltr'>poematis</span> <span class='ocrx_word' id='word_1_281' title='bbox 552 3889 759 3945; x_wconf 89' lang='lat' dir='ltr'>conscribendis</span> <span class='ocrx_word' id='word_1_282' title='bbox 775 3886 922 3954; x_wconf 76' lang='lat' dir='ltr'>studuisse,</span> <span class='ocrx_word' id='word_1_283' title='bbox 942 3885 1031 3938; x_wconf 88' lang='lat' dir='ltr'>filium</span> <span class='ocrx_word' id='word_1_284' title='bbox 1048 3885 1146 3938; x_wconf 87' lang='lat' dir='ltr'>contra</span> <span class='ocrx_word' id='word_1_285' title='bbox 1160 3883 1205 3937; x_wconf 91' lang='lat' dir='ltr'>cni</span> <span class='ocrx_word' id='word_1_286' title='bbox 1218 3900 1274 3937; x_wconf 91' lang='lat' dir='ltr'>non</span> <span class='ocrx_word' id='word_1_287' title='bbox 1288 3883 1380 3937; x_wconf 90' lang='lat' dir='ltr'>minus</span> 
     </span>
     <span class='ocr_line' id='line_1_34' title="bbox 233 3973 1380 4048; baseline -0.007 -14"><span class='ocrx_word' id='word_1_288' title='bbox 233 3996 334 4034; x_wconf 90' lang='lat' dir='ltr'>nomen</span> <span class='ocrx_word' id='word_1_289' title='bbox 358 3981 418 4034; x_wconf 86' lang='lat' dir='ltr'>arat</span> <span class='ocrx_word' id='word_1_290' title='bbox 440 3977 597 4048; x_wconf 71' lang='lat' dir='ltr'>Apollinari</span> <span class='ocrx_word' id='word_1_291' title='bbox 620 3978 765 4032; x_wconf 86' lang='lat' dir='ltr'>Platonem</span> <span class='ocrx_word' id='word_1_292' title='bbox 789 3973 933 4031; x_wconf 87' lang='lat' dir='ltr'>imitatum</span> <span class='ocrx_word' id='word_1_293' title='bbox 961 3973 1109 4043; x_wconf 83' lang='lat' dir='ltr'>evangelia</span> <span class='ocrx_word' id='word_1_294' title='bbox 1133 3974 1162 4027; x_wconf 89' lang='lat' dir='ltr'>et</span> <span class='ocrx_word' id='word_1_295' title='bbox 1189 3973 1380 4042; x_wconf 89' lang='lat' dir='ltr'>apostolorum</span> 
     </span>
     <span class='ocr_line' id='line_1_35' title="bbox 234 4062 1379 4140; baseline -0.007 -16"><span class='ocrx_word' id='word_1_296' title='bbox 234 4071 369 4140; x_wconf 78' lang='lat' dir='ltr'>dogmata</span> <span class='ocrx_word' id='word_1_297' title='bbox 383 4070 411 4123; x_wconf 93' lang='lat' dir='ltr'>in</span> <span class='ocrx_word' id='word_1_298' title='bbox 427 4069 602 4140; x_wconf 86' lang='lat' dir='ltr'>dialogorum</span> <span class='ocrx_word' id='word_1_299' title='bbox 616 4069 734 4123; x_wconf 88' lang='lat' dir='ltr'>formam</span> <span class='ocrx_word' id='word_1_300' title='bbox 749 4066 889 4136; x_wconf 85' lang='lat' dir='ltr'>redegisse</span> <span class='ocrx_word' id='word_1_301' title='bbox 903 4066 1001 4119; x_wconf 78' lang='lat' dir='ltr'>auctor</span> <span class='ocrx_word' id='word_1_302' title='bbox 1016 4064 1059 4118; x_wconf 86' lang='lat' dir='ltr'>ast</span> <span class='ocrx_word' id='word_1_303' title='bbox 1069 4062 1196 4117; x_wconf 85' lang='lat' dir='ltr'>Socrates</span> <span class='ocrx_word' id='word_1_304' title='bbox 1211 4063 1238 4116; x_wconf 94' lang='lat' dir='ltr'>h.</span> <span class='ocrx_word' id='word_1_305' title='bbox 1250 4079 1272 4117; x_wconf 88' lang='lat' dir='ltr'>e.</span> <span class='ocrx_word' id='word_1_306' title='bbox 1288 4062 1327 4116; x_wconf 91' lang='lat' dir='ltr'>Ill</span> <span class='ocrx_word' id='word_1_307' title='bbox 1339 4069 1379 4116; x_wconf 88' lang='grc'>16.</span> 
     </span>
    </p>

    <p class='ocr_par' dir='ltr' id='par_1_4' title="bbox 233 4151 1381 4409">
     <span class='ocr_line' id='line_1_36' title="bbox 306 4151 1381 4232; baseline -0.008 -18"><span class='ocrx_word' id='word_1_308' title='bbox 306 4163 333 4230; x_wconf 82' lang='lat'>2)</span> <span class='ocrx_word' id='word_1_309' title='bbox 352 4160 434 4214; x_wconf 88' lang='lat' dir='ltr'>Haud</span> <span class='ocrx_word' id='word_1_310' title='bbox 453 4159 556 4214; x_wconf 87' lang='lat' dir='ltr'>iniuria</span> <span class='ocrx_word' id='word_1_311' title='bbox 573 4158 660 4232; x_wconf 84' lang='lat' dir='ltr'>igitur</span> <span class='ocrx_word' id='word_1_312' title='bbox 678 4157 861 4226; x_wconf 86' lang='lat' dir='ltr'>Theophanes</span> <span class='ocrx_word' id='word_1_313' title='bbox 880 4172 945 4225; x_wconf 91' lang='lat' dir='ltr'>pag.</span> <span class='ocrx_word' id='word_1_314' title='bbox 965 4159 1011 4221; x_wconf 76' lang='lat'>74,</span> <span class='ocrx_word' id='word_1_315' title='bbox 1032 4159 1046 4206; x_wconf 89' lang='lat'>5</span> <span class='ocrx_word' id='word_1_316' title='bbox 1066 4171 1126 4221; x_wconf 90' lang='lat' dir='ltr'>sqq.</span> <span class='ocrx_word' id='word_1_317' title='bbox 1146 4151 1188 4206; x_wconf 88' lang='lat' dir='ltr'>ed.</span> <span class='ocrx_word' id='word_1_318' title='bbox 1209 4152 1309 4220; x_wconf 83' lang='lat' dir='ltr'>Bonn,</span> <span class='ocrx_word' id='word_1_319' title='bbox 1334 4151 1381 4220; x_wconf 91' lang='lat' dir='ltr'>qui</span> 
     </span>
     <span class='ocr_line' id='line_1_37' title="bbox 233 4240 1380 4319; baseline -0.008 -16"><span class='ocrx_word' id='word_1_320' title='bbox 233 4251 286 4304; x_wconf 90' lang='lat' dir='ltr'>hoc</span> <span class='ocrx_word' id='word_1_321' title='bbox 305 4249 367 4304; x_wconf 91' lang='lat' dir='ltr'>loco</span> <span class='ocrx_word' id='word_1_322' title='bbox 381 4251 431 4304; x_wconf 89' lang='lat' dir='ltr'>aut</span> <span class='ocrx_word' id='word_1_323' title='bbox 444 4249 505 4319; x_wconf 88' lang='lat' dir='ltr'>ipso</span> <span class='ocrx_word' id='word_1_324' title='bbox 522 4248 684 4304; x_wconf 70' lang='lat' dir='ltr'>Soaomeno,</span> <span class='ocrx_word' id='word_1_325' title='bbox 693 4245 783 4301; x_wconf 88' lang='lat' dir='ltr'>utitur</span> <span class='ocrx_word' id='word_1_326' title='bbox 801 4246 851 4300; x_wconf 89' lang='lat' dir='ltr'>aut</span> <span class='ocrx_word' id='word_1_327' title='bbox 864 4262 899 4299; x_wconf 83' lang='lat' dir='ltr'>ex</span> <span class='ocrx_word' id='word_1_328' title='bbox 913 4243 1012 4299; x_wconf 88' lang='lat' dir='ltr'>eodem</span> <span class='ocrx_word' id='word_1_329' title='bbox 1026 4245 1110 4310; x_wconf 88' lang='lat' dir='ltr'>atque</span> <span class='ocrx_word' id='word_1_330' title='bbox 1129 4240 1177 4296; x_wconf 90' lang='lat' dir='ltr'>ille</span> <span class='ocrx_word' id='word_1_331' title='bbox 1192 4241 1286 4295; x_wconf 89' lang='lat' dir='ltr'>haurit</span> <span class='ocrx_word' id='word_1_332' title='bbox 1304 4241 1380 4295; x_wconf 85' lang='lat' dir='ltr'>fonte</span> 
     </span>
     <span class='ocr_line' id='line_1_38' title="bbox 235 4331 1379 4409; baseline -0.008 -17"><span class='ocrx_word' id='word_1_333' title='bbox 235 4339 405 4409; x_wconf 85' lang='lat' dir='ltr'>Apollinaris</span> <span class='ocrx_word' id='word_1_334' title='bbox 418 4337 521 4393; x_wconf 88' lang='lat' dir='ltr'>librum</span> <span class='ocrx_word' id='word_1_335' title='bbox 536 4338 668 4407; x_wconf 86' lang='lat' dir='ltr'>scriptum</span> <span class='ocrx_word' id='word_1_336' title='bbox 680 4352 740 4391; x_wconf 89' lang='lat' dir='ltr'>esse</span> <span class='ocrx_word' id='word_1_337' title='bbox 755 4334 854 4390; x_wconf 81' lang='lat' dir='ltr'>statuit</span> <span class='ocrx_word' id='word_1_338' title='bbox 868 4351 892 4388; x_wconf 94' lang='lat' dir='ltr'>a.</span> <span class='ocrx_word' id='word_1_339' title='bbox 904 4333 1002 4387; x_wconf 89' lang='lat' dir='ltr'>mnndi</span> <span class='ocrx_word' id='word_1_340' title='bbox 1012 4338 1091 4401; x_wconf 81' lang='lat'>5854,</span> <span class='ocrx_word' id='word_1_341' title='bbox 1104 4331 1123 4384; x_wconf 89' lang='lat' dir='ltr'>i.</span> <span class='ocrx_word' id='word_1_342' title='bbox 1134 4348 1157 4385; x_wconf 90' lang='lat' dir='ltr'>e.</span> <span class='ocrx_word' id='word_1_343' title='bbox 1168 4349 1192 4385; x_wconf 89' lang='lat' dir='ltr'>a.</span> <span class='ocrx_word' id='word_1_344' title='bbox 1203 4349 1229 4400; x_wconf 92' lang='lat' dir='ltr'>p.</span> <span class='ocrx_word' id='word_1_345' title='bbox 1242 4331 1270 4386; x_wconf 84' lang='grc' dir='ltr'>Ο.</span> <span class='ocrx_word' id='word_1_346' title='bbox 1281 4349 1308 4386; x_wconf 88' lang='lat' dir='ltr'>n.</span> <span class='ocrx_word' id='word_1_347' title='bbox 1319 4336 1379 4384; x_wconf 77' lang='lat'>362.</span> 
     </span>
    </p>

    <p class='ocr_par' dir='ltr' id='par_1_5' title="bbox 305 4421 1205 4496">
     <span class='ocr_line' id='line_1_39' title="bbox 305 4421 1205 4496; baseline -0.009 -14"><span class='ocrx_word' id='word_1_348' title='bbox 305 4429 332 4495; x_wconf 85' lang='lat'>3)</span> <span class='ocrx_word' id='word_1_349' title='bbox 352 4426 401 4482; x_wconf 88' lang='lat' dir='ltr'>Nil</span> <span class='ocrx_word' id='word_1_350' title='bbox 420 4427 521 4481; x_wconf 92' lang='lat' dir='ltr'>mirum</span> <span class='ocrx_word' id='word_1_351' title='bbox 539 4426 655 4496; x_wconf 85' lang='lat' dir='ltr'>periisse</span> <span class='ocrx_word' id='word_1_352' title='bbox 673 4423 845 4495; x_wconf 87' lang='lat' dir='ltr'>Apollinaris</span> <span class='ocrx_word' id='word_1_353' title='bbox 864 4423 966 4477; x_wconf 85' lang='lat' dir='ltr'>librum</span> <span class='ocrx_word' id='word_1_354' title='bbox 986 4421 1205 4476; x_wconf 87' lang='lat' dir='ltr'>haeresiarchae.</span> 
     </span>
    </p>
   </div>
   <div class='ocr_carea' id='block_1_4' title="bbox 0 0 1610 4904">
    <p class='ocr_par' dir='ltr' id='par_1_6' title="bbox 0 0 1610 4904">
     <span class='ocr_line' id='line_1_40' title="bbox 0 0 1610 4904; baseline 0 0"><span class='ocrx_word' id='word_1_355' title='bbox 0 0 1610 4904; x_wconf 95' lang='lat' dir='ltr'> </span> 
     </span>
    </p>
   </div>
  </div>
 </body>
</html>
