3192 4906
233 327 296 391 102
420 305 422 312 ’
733 326 824 396 caput
842 325 875 380 u.
935 409 936 413 .

231 495 273 556 lta
297 504 395 557 utitem
417 493 593 555 Theodorus
612 495 643 552 in
662 492 869 553 constituenda
889 493 1077 553 refutationis
1096 511 1166 553 strae
1186 493 1380 571 inscriptione
1465 511 1474 524 ·

232 619 290 662 uon
319 601 494 662 statuendus
523 609 568 660 est
597 603 730 679 ipsorum
758 598 863 660 Iuliani
896 599 1040 659 librorum
1073 597 1189 674 titulos
1205 601 1381 678 respexisse,

232 710 288 768 nisi
312 711 351 768 ita
372 709 547 768 conformati
567 717 664 767 erant:
688 701 862 768 Ἰουλιανοῦ
881 702 1121 782 Αὐτοκράτορος
1139 703 1220 765 κατὰ
1240 703 1379 779 Χριττια-

232 815 300 875 νῶν
323 815 523 890 κατηγοριῶν
542 809 640 886 λόγος
657 805 697 888 α’,
719 805 753 890 β’,
773 805 811 886 γ’.
849 811 930 883 Quos
952 812 993 872 ita
1018 829 1076 871 non
1097 812 1189 872 luisse
1213 813 1381 891 inscriptos,

149 997 152 1002 Ι
231 920 299 980 inde
324 920 429 1000 elucet,
454 921 532 1000 qnod
552 920 688 980 dissonae
712 929 783 980 sunt
801 938 888 980 voces
912 921 942 978 in
966 919 1084 979 easdem
1108 918 1221 978 litteras
1241 917 1381 978 cadentes

233 1025 428 1102 Χριττιανῶν
453 1026 661 1102 κατηγοριῶν.
694 1024 781 1104 Ergo
806 1015 1000 1086 dubitandum
1024 1023 1089 1086 esse
1119 1043 1177 1085 non
1203 1023 1321 1086 videtur
1344 1025 1380 1086 de

232 1135 425 1219 inscriptione
450 1136 534 1194 initio
559 1151 574 1192 a
598 1131 684 1192 nobis
708 1134 877 1193 constituta.

195 1213 302 1320 ps*
320 1239 380 1300 lam
405 1259 475 1301 vero
504 1239 594 1300 verbo
626 1249 714 1300 tenus
738 1257 804 1300 sese
833 1239 966 1300 attulisse
990 1238 1095 1299 Iuliani
1124 1237 1212 1298 verba
1240 1241 1303 1318 ipse
1329 1240 1379 1319 Cy·

190 1321 197 1408 f
231 1347 315 1408 rillos
334 1349 537 1426 pronuntiavit
556 1366 583 1426 p.
604 1344 692 1408 380:
721 1344 913 1422 ἐκτιθέμενοι
933 1343 968 1407 δὲ
991 1344 1067 1407 τοὺ(
1086 1342 1211 1420 ττίχουτ
1234 1343 1296 1408 ἐπὶ
1320 1345 1381 1409 λε’-

183 1467 184 1474 *
231 1435 324 1518 Ξεωε
344 1452 459 1530 αὐτῆς
479 1450 709 1529 ἀντεποίεομεν
727 1450 767 1514 τὰ
785 1449 860 1529 παρ’
884 1450 1008 1515 ἑαυτῶν
1028 1451 1063 1514 ἐν
1088 1449 1192 1532 noenu
1211 1453 1257 1532 τῷ
1276 1451 1382 1515 δέοντι

232 1561 302 1621 ταῖ(
326 1556 450 1620 ἐκείνου
475 1552 706 1635 κοιταρρήτεειν.
744 1557 890 1619 Nonnulla
915 1567 1013 1618 autem
1042 1560 1199 1637 profitetur
1222 1577 1287 1619 sese
1311 1562 1382 1620 omi·

233 1669 322 1746 sisse,
350 1669 520 1745 gravissima
550 1665 663 1726 scilicet
686 1665 792 1726 iuliani
819 1668 849 1724 in
874 1664 1023 1747 Christum
1052 1667 1166 1725 convici
1199 1714 1214 1745 Ι,
1243 1685 1317 1744 quae
1346 1687 1383 1728 ue

233 1772 335 1852 legere
350 1773 469 1851 quidem
485 1775 640 1852 quisquam
655 1781 757 1851 posset
771 1774 842 1851 quin
857 1770 937 1831 labes
953 1773 981 1831 ei
999 1748 1238 1851 adspergeretur.
1270 1772 1381 1834 Eodem

234 1883 311 1940 enim
337 1880 411 1940 loco·
430 1881 469 1938 iis
493 1897 568 1956 quae
592 1879 678 1938 modo
703 1879 787 1939 attuli
815 1876 914 1938 verbis
942 1878 1048 1938 adiecit
1070 1877 1158 1940 haec:
1191 1874 1314 1957 Ἐπειδὴ
1338 1880 1383 1956 δὲ,

235 1983 279 2046 ὼε
298 1983 391 2062 ἔφην,
414 1981 587 2070 ἀπύλωτον
605 1982 755 2058 ἀνοιγνὺι
773 1983 812 2045 τὸ
831 1981 929 2060 ττόμα
948 1981 1097 2060 πλείιτην
1117 1981 1195 2062 dene
1213 1984 1384 2064 πεποίηται

233 2093 291 2168 τὴν
309 2075 532 2169 ’τοκοφαντίαν
559 2089 638 2153 κατὰ
660 2093 719 2152 τοῦ
743 2087 874 2152 πάντων
897 2089 987 2167 ἡμῶν
1011 2093 1152 2168 euripo(
1177 2090 1310 2167 Χριττοῡ
1333 2091 1385 2155 καὶ

234 2199 461 2275 παλιμφήμουτ
489 2195 591 2275 ῥίπτει
615 2193 688 2258 κατ’
711 2195 811 2258 αὐτοῦ
839 2195 967 2273 φωνὰς,
995 2198 1061 2258 τῶν
1084 2195 1143 2273 μὲν
1165 2197 1322 2260 τοιούτων
1345 2197 1384 2261 οὐ

234 2305 488 2383 διαμεμνήτομαι.
523 2300 714 2380 ’παρελάσαι
742 2303 777 2365 δὲ
806 2303 857 2365 καὶ
886 2301 970 2380 μάλα
998 2303 1169 2382 ἐμφρόνως
1198 2302 1238 2365 τὰ
1266 2301 1309 2366 δι’
1338 2301 1384 2366 ὧν

234 2409 275 2474 ἄν
297 2431 344 2473 τιτ
363 2409 609 2488 καταμιαίνοιτο,
633 2407 692 2471 κᾶν
711 2407 738 2472 εἰ
762 2407 862 2485 μόνον
886 2413 955 2472 roric
977 2409 1076 2474 αὐτοῦ
1096 2407 1291 2489 προτβάλλοι
1315 2429 1383 2489 φω-

234 2521 313 2594 vuit,
331 2521 400 2581 roi(
415 2513 598 2590 ἀναγκαῖοι(
613 2513 892 2593 ἀνταναιτήτομαι.
925 2516 1121 2578 Inveniuntur
1139 2527 1238 2579 niuem
1257 2521 1288 2579 in
1308 2519 1382 2598 trag-

235 2627 344 2686 mentis
368 2644 384 2684 a
408 2624 516 2704 Cyrillo
540 2627 664 2684 servatis
688 2623 841 2704 quaedam,
865 2625 895 2683 in
920 2623 1029 2704 quibus
1052 2627 1224 2704 gravissima
1247 2628 1277 2686 in
1300 2626 1381 2686 Chri-

236 2741 315 2794 stum
339 2733 414 2792 liunt
437 2733 583 2810 convicia3
611 2749 682 2809 ergo
711 2730 788 2791 haud
817 2733 857 2790 ita
887 2747 1021 2808 magnam
1045 2749 1111 2791 esse
1140 2733 1240 2810 operis
1262 2731 1384 2792 lulianei

234 2848 349 2920 partem
370 2857 487 2918 carison,
511 2856 599 2916 quam
622 2837 677 2898 hac
697 2855 785 2898 causa
808 2846 962 2916 permotus
982 2841 1115 2900 omiserit
1132 2838 1272 2920 Cyrillus3
1296 2847 1387 2918 atque

235 2949 384 3008 exstitisse
404 2964 478 3024 quae
498 2947 647 3005 omisisset
666 2947 822 3005 maximam
841 2952 956 3023 partem
979 2947 1010 3004 in
1034 2947 1070 3005 iis
1089 2944 1193 3006 loliani
1216 2945 1309 3026 libris,
1332 2947 1382 3025 qui

235 3053 391 3114 ttrrdecimo
413 3051 488 3112 libro
508 3071 572 3130 sqq.
597 3047 811 3112 refutabantur.
848 3050 881 3110 ln
902 3053 939 3110 iis
958 3053 1036 3112 enim
1057 3071 1133 3131 quae
1152 3051 1254 3112 decem
1279 3053 1383 3130 priori-

212 3144 292 3221 'bus
316 3161 400 3220 libris
426 3158 552 3238 Cyrillus
577 3159 756 3236 redarguere
781 3157 926 3237 studebat,
947 3177 983 3217 ue
1007 3160 1141 3236 potuisse
1161 3159 1280 3237 quidem
1299 3158 1383 3219 lulia-

236 3287 306 3327 nuru
330 3266 421 3326 multa
445 3266 481 3326 de
502 3265 619 3330 ,Christo
644 3264 733 3324 verba
757 3265 854 3325 iacere
879 3251 914 3324 ei
938 3267 975 3324 iis
994 3283 1069 3344 quae
1089 3265 1125 3324 de
1145 3265 1383 3345 operis-lulianei

236 3374 359 3434 consilio
383 3375 524 3434 continuo
548 3371 765 3450 disputabimus
789 3371 950 3450 apparebit.
1243 3356 1249 3362 ⁸

325 3482 365 3540 lic
385 3489 533 3540 servatum
554 3497 619 3538 esse
640 3481 734 3558 prima
754 3477 854 3557 Cyrilli
873 3477 983 3538 decade
1002 3481 1133 3558 primum
1152 3478 1257 3540 loliani
1276 3479 1382 3541 librum

200 3665 202 3672 Α
237 3588 419 3666 argumentis
438 3586 485 3646 his
500 3577 705 3667 ostenditur.¹)
734 3584 970 3645 Praemittuntur
984 3587 1081 3664 primo
1095 3584 1200 3647 iuliani
1219 3587 1383 3666 fragmento

236 3696 308 3755 liaeo
333 3693 433 3772 Cyrilli
457 3711 484 3772 p.
501 3689 592 3752 39t:
622 3687 752 3767 duxerat
779 3687 888 3752 τοίνυν
911 3694 969 3753 τοῦ
997 3687 1070 3755 καθ’
1092 3692 1182 3770 ἡμῶν
1211 3690 1411 3776 λόγου-καί,

236 3818 320 3877 qno.
352 3799 455 3877 Neque
474 3800 625 3859 iuvenitur
644 3801 673 3858 in
692 3799 729 3858 iis
747 3815 822 3877 quae
843 3808 956 3860 servata
976 3808 1092 3861 exstant
1110 3777 1284 3880 iragmenlis
1302 3801 1385 3861 locus

238 3923 296 3985 quo
321 3907 478 3965 transitum
503 3907 567 3965 lieri
591 3904 626 3964 ad
646 3904 772 3965 alterum
795 3904 903 3966 librum
922 3908 1128 3985 perspiciatur.
1166 3907 1288 3968 Accedit
1307 3907 1385 3988 quod

237 4033 264 4093 p.
281 4010 378 4073 261Ε
403 4010 534 4103 lulianus
562 4012 597 4071 ad
623 4031 655 4072 ea
683 4012 811 4074 lectores
834 4014 933 4097 reicit,
962 4016 1091 4091 quaein
1116 4015 1209 4074 altero
1236 4013 1313 4075 libro
1335 4034 1384 4075 eu·

237 4135 450 4145 -0—-2--0-

309 4185 335 4253 1)
355 4183 387 4241 ld
407 4184 481 4252 quod
500 4184 575 4239 recte
593 4184 649 4238 iam
668 4181 868 4240 animadvertit
886 4177 973 4240 Ellies
993 4185 1037 4239 Du
1056 4185 1122 4254 Pin,
1140 4185 1269 4241 nouvelle
1284 4185 1384 4241 biblio-

235 4275 340 4345 theque
364 4273 413 4328 des
437 4274 549 4327 auteurs
569 4272 802 4343 eeclesiastiques.
824 4279 900 4329 1690.
921 4273 960 4326 ΙΙΙ
978 4279 994 4327 2
1013 4293 1040 4344 p.
1057 4281 1121 4329 112:
1147 4275 1184 4328 ‘il
1206 4277 1299 4344 parcit
1317 4267 1386 4344 qu'il

236 4362 282 4417 n'e
300 4361 390 4417 refute
415 4379 468 4432 que
494 4371 545 4416 'son
563 4362 684 4432 premier
707 4361 803 4428 livre’;
827 4378 917 4430 neque
935 4365 1030 4417 tamen
1049 4365 1124 4433 quod
1142 4364 1287 4419 contendit
1305 4381 1386 4434 ergu-

238 4449 339 4508 mentis
358 4451 469 4507 fflmnre
488 4450 603 4508 studuit.
681 4495 685 4501 .
