3192 4906
560 320 600 375 Do
619 320 721 376 Iuliani
740 320 819 376 hiscis
838 322 1029 378 restituendis.
1309 325 1371 390 103

222 492 376 570 positurus
400 491 446 549 sit.
483 487 585 567 Neque
610 495 708 548 tamen
728 491 886 568 quicquam
910 489 1072 568 probarent
1094 490 1167 551 haec
1186 509 1261 570 quae
1282 494 1369 553 modo

221 597 308 658 attuli
327 603 509 676 argumenta,
532 596 589 656 nisi
608 594 676 671 talia
695 602 796 656 essent
814 593 919 655 loliani
938 597 1100 676 fragmenta
1118 616 1134 658 a
1153 597 1260 676 Cyriilo
1285 599 1370 660 nobis

220 714 350 785 servata,
383 712 416 765 ιι1
443 705 486 763 eis
516 704 683 763 coniunctis
717 710 861 780 perpetua
889 702 1032 780 quaedam
1061 705 1232 765 efficeretur
1260 709 1369 787 oratio;

219 811 419 888 nequeenim
449 816 519 869 sunt
548 807 627 887 talia,
655 807 750 886 qualia
779 817 934 886 poetarum
958 813 1163 871 scaenicorum
1187 811 1367 874 Graecorum

217 925 248 976 et
267 915 440 976 Latinorum
464 914 648 993 aliorumque
668 917 847 993 scriptorum
871 915 1034 994 fragmenta
1058 917 1134 996 apud
1156 920 1251 979 varios
1275 923 1367 999 scrip-

215 1033 298 1084 tores
321 1023 431 1111 passim
455 1019 580 1100 laudata,
604 1020 657 1080 sed
677 1029 757 1082 totus
776 1022 839 1081 fere
864 1020 940 1081 liber
964 1023 1118 1084 commode
1138 1044 1174 1084 er
1193 1027 1229 1085 iis
1248 1029 1366 1088 restitui

217 1137 326 1210 potest.
352 1126 506 1188 ''Indicavit
528 1135 626 1188 autem
650 1130 713 1207 ipse
737 1126 869 1188 Iulianus
893 1124 985 1208 (apud
1010 1128 1075 1208 Cyr.
1089 1127 1167 1191 4213
1183 1126 1254 1214 sq.),
1279 1152 1366 1213 quam

216 1235 443 1315 argumentandi
476 1235 621 1295 rationem
649 1237 679 1294 in
712 1237 809 1314 primo
833 1233 913 1295 libro
943 1234 1138 1298 observasset.
1182 1238 1259 1301 Sunt
1288 1243 1366 1300 enim

216 1344 290 1403 haec
314 1344 378 1403 eius
407 1341 509 1404 verba:
544 1339 667 1417 Μικρὸν
696 1339 730 1402 δὲ
759 1337 934 1419 ἀναλαβεῖν
963 1337 1064 1419 ἄξιον,
1093 1340 1170 1407 ὅθεν
1197 1344 1273 1422 ἡμῖν
1299 1333 1366 1423 ἥκει
1458 1411 1463 1420 ,

215 1448 269 1512 καί
297 1445 386 1511 ὅπως
414 1445 524 1512 ἔννοια
551 1450 627 1511 θεοῦ
654 1446 692 1509 τὸ
721 1449 864 1524 πρῶτον,
899 1443 967 1511 εἶτα
995 1436 1184 1526 παραθεῖναι
1212 1450 1252 1514 τὰ
1280 1451 1367 1530 παρὰ

214 1558 284 1618 τοῖς
302 1553 428 1631 Ἕλληςι
451 1553 502 1616 καὶ
524 1552 612 1630 παρὰ
634 1557 702 1616 τοῖς
721 1551 874 1632 Ἑβραῖοι(
898 1552 979 1631 ὑπὲρ
1001 1558 1060 1618 rod
1084 1555 1172 1619 θείου
1196 1556 1364 1635 λεγόμενα,

214 1661 267 1724 καὶ
286 1660 364 1738 μετὰ
382 1663 478 1723 τοῦτο
498 1659 707 1738 ἐπανερέςθαι
726 1660 801 1723 τοὺς
821 1658 895 1722 οὔτε
914 1659 1071 1738 Ἕλληνα(
1090 1659 1165 1724 οὔτε
1185 1660 1365 1742 Ἰουδαίους,

213 1766 299 1831 ἀλλὰ
317 1770 383 1830 τῶν
402 1765 578 1830 Γαλιλαίων
600 1764 696 1829 ὄντας
716 1764 874 1843 αίρέςεως,
898 1763 972 1831 ἀνθ’
990 1764 1069 1829 ὅτου
1088 1767 1151 1844 πρὸ
1171 1771 1236 1832 τῶν
1255 1769 1366 1847 ἡμετέ-

213 1895 283 1955 ρων
306 1875 433 1939 εἵλοντο
457 1873 497 1937 τὰ
519 1870 599 1950 παρ’
622 1871 769 1952 ἐκείνοις,
797 1872 849 1935 καὶ
871 1871 925 1937 ἐπὶ
949 1872 1066 1954 τούτῳ,
1095 1873 1124 1935 τί
1147 1875 1267 1952 δήποτε
1291 1874 1366 1954 μηδ’

214 1981 349 2046 ἐκείνοις
368 1980 561 2058 ἐμμένουςιν,
581 1977 664 2041 ἀλλὰ
683 1977 838 2043 κάκείνων
857 1977 1054 2042 ἀποςτὰντες
1073 1979 1156 2044 ἰδίαν
1175 1979 1254 2044 ὁδὸν
1272 1981 1364 2059 ἐτρά-

213 2107 326 2152 ποντο.
364 2089 479 2160 Quibus
503 2087 601 2148 verbis
625 2105 759 2150 normam
784 2087 869 2147 nobis
897 2087 978 2148 dedit
1001 2086 1145 2168 lulianus,
1174 2107 1270 2168 aqua
1295 2109 1363 2151 nus-
1393 2166 1403 2174 ἱ

213 2215 303 2276 quam
332 2195 532 2257 recedendum
560 2201 613 2255 est.
661 2193 752 2254 Cuius
786 2211 904 2272 semper
936 2211 1084 2255 memores
1114 2212 1180 2255 esse
1213 2194 1364 2277 debemus,
1399 2247 1401 2256 ι

214 2321 284 2364 cram
307 2305 337 2363 in
361 2305 457 2382 primo
482 2301 557 2362 libro
577 2300 733 2362 refutando
753 2317 812 2360 non
832 2300 960 2361 eundem
981 2299 1091 2379 sibique
1111 2310 1199 2380 atque
1219 2302 1363 2363 Iulianum

216 2427 284 2470 sese
315 2409 489 2470 observasse
518 2408 653 2468 ordinem
681 2416 711 2467 et
739 2406 844 2467 iuliani
875 2407 1018 2486 quaedam
1051 2407 1107 2467 alio
1134 2407 1200 2469 loco
1228 2411 1363 2488 posuisse

215 2525 305 2596 atque
331 2519 361 2578 in
389 2518 483 2595 ipsius
511 2514 587 2575 libro
611 2513 765 2574 exstabant
792 2516 856 2598 ipse
880 2514 1006 2593 Cyrillus
1034 2516 1217 2594 profiteatur.
1254 2515 1363 2594 Pagina

212 2627 293 2685 enim
313 2621 390 2686 381)
410 2641 468 2702 sq.:
495 2619 599 2684 ίςτέον
618 2619 734 2696 μέντοι,
754 2623 859 2700 inquit,
878 2617 1029 2683 κάκεῖνο·’
1046 2619 1081 2683 ἐν
1100 2618 1161 2698 γὰρ
1180 2623 1226 2702 τῷ
1246 2619 1364 2702 πρώτῳ

211 2729 302 2812 λόγῳ
321 2729 373 2792 διὰ
392 2725 548 2792 πλείςτων
573 2726 630 2803 μὲν
649 2723 733 2788 ὅτων
752 2725 888 2788 ἐννοιῶν
906 2723 1034 2804 ἔρχεται
1062 2723 1130 2790 ἀνω
1148 2745 1184 2790 τε
1208 2726 1259 2789 καὶ
1277 2725 1363 2790 κάτω

210 2837 253 2900 τὰ
275 2835 357 2899 αὐτὰ
378 2834 602 2912 περιςτρέφων
624 2833 675 2896 καὶ
697 2809 886 2895 ἀνακυκλῶν
910 2831 949 2895 οὐ
972 2833 1120 2908 scissor·
1145 2833 1195 2895 καί
1218 2830 1300 2910 ὅπερ
1323 2831 1363 2896 ἂν

211 2945 249 3008 ἐν
272 2941 386 3022 ἀρχαῖς
411 2939 584 3026 εὑρίςκοιτο
608 2939 727 3016 λέγων,
753 2941 851 3002 τοῦτο
875 2939 926 3001 καὶ
953 2939 1006 3002 διὰ
1029 2941 1124 3017 μέςου
1148 2938 1198 3001 καὶ
1221 2943 1289 3002 τοῑς
1311 2959 1360 3003 τε-

212 3048 372 3113 λευταίοις
400 3046 531 3116 ἐκτιθεὶς
540 3042 564 3128 1)
591 3046 667 3108 τοὺς
694 3049 750 3123 τῆς
778 3041 989 3122 ἀντιρρήςεως
1017 3044 1135 3120 λόγους
1163 3044 1364 3124 ἀποφήνειεν

211 3155 253 3219 ἂν
280 3154 339 3218 οὐκ
368 3154 404 3218 ἐν
432 3152 537 3234 κόςμῳ
565 3150 648 3228 τάχα
676 3169 740 3214 που
772 3146 1048 3236 γεγενημένουςί)
1090 3153 1175 3215 πᾶςα
1201 3150 1263 3228 γάρ
1293 3171 1362 3214 πως

211 3261 335 3338 ἀνάγκη
358 3263 426 3324 τοῖς
449 3256 525 3337 παρ’
548 3257 648 3322 αὐτοῦ
672 3257 858 3334 λεγομένοις
881 3258 1078 3334 φιλονεικεῖν
1100 3258 1277 3339 ᾐρημένους
1301 3258 1361 3336 οὐχ
1413 3252 1422 3268 ’

210 3369 309 3444 ἅπαξ,
334 3365 417 3430 ἀλλὰ
440 3363 618 3429 πλειςτάκις
646 3364 718 3442 περὶ
741 3367 807 3426 τῶν
831 3360 938 3425 αὐτῶν
961 3360 1191 3438 ἀειλογοῡντας
1213 3363 1360 3444 ψρρᾷςθαι.

211 3473 374 3539 διελόντες
397 3473 507 3537 τοίνυν
531 3473 567 3536 ἐν
590 3470 675 3536 τάξει
698 3466 792 3553 τινὶ3)
817 3471 1064 3552 πρεπωδεςτέρᾳ
1086 3471 1144 3534 τὸν
1163 3469 1238 3549 παρ’
1261 3471 1360 3534 αὐτοῦ

211 3581 314 3656 λόγον
337 3579 386 3642 καὶ
409 3579 466 3642 τὰς
485 3577 522 3641 ἐν
545 3576 632 3658 αὐτῷ
660 3574 803 3638 διανοίας
827 3574 1071 3650 ςυνενεγκόντες
1095 3573 1168 3639 κατ’
1191 3573 1276 3640 εἶδος
1300 3576 1361 3655 οὐχ

209 3685 344 3764 ἑκάςτην
367 3683 556 3760 πλειςτάκις,
585 3680 804 3760 ἀποχρώντως
834 3683 869 3746 δὲ
894 3681 977 3748 ἅπαξ
1001 3684 1052 3746 καί
1077 3683 1235 3761 ἐντέχνως
1259 3683 1358 3747 ὑπαν-

209 3789 389 3881 τήςομεν.4)
431 3795 473 3853 Ac
500 3793 677 3873 pierumque
705 3809 773 3851 eum
808 3791 943 3852 ordinem
971 3794 1130 3852 mutavisse
1159 3793 1243 3852 initio
1271 3794 1359 3872 primi

209 3905 279 3967 libri
303 3903 445 3964 continuo
465 3899 638 3960 videbimus
675 3897 717 3959 Ea
736 3892 999 3978 sane‘fragmenta,
1022 3899 1130 3978 quibus
1150 3901 1241 3960 totius
1260 3901 1359 3977 operis

210 4011 345 4072 constitit
374 4008 558 4087 prooemium
588 4005 687 4066 attulit
718 4003 822 4064 ordine
850 4021 910 4063 non
938 4012 1059 4066 mutato.
1106 4006 1201 4085 Atque
1230 4005 1359 4066 exordiri

329 4180 444 4234 ἐκτιθεὶς
461 4177 546 4232 Marc.
568 4182 627 4230 123.
648 4177 762 4230 ἐντιθείς
780 4175 852 4229 Aub.

329 4269 374 4322 Ite
391 4267 476 4321 Marc.
498 4272 556 4321 123.
576 4266 794 4332 γεγεννημένους
812 4264 884 4318 Aub.

329 4359 359 4412 ἐν
378 4358 453 4412 τάξει
471 4357 523 4409 τινί
543 4352 650 4423 scripsi.
669 4356 700 4408 ἐν
718 4355 793 4409 τάξει
811 4359 846 4423 τῇ
866 4353 950 4408 More.
972 4358 1022 4407 123
1042 4353 1071 4407 et
1090 4351 1161 4406 Auo.

330 4446 416 4501 Marc.
436 4451 496 4500 123.
515 4446 723 4512 θιταντήςωμεν.
