3194 4904
215 292 257 356 38
722 292 814 362 caput
831 292 851 347 1.

127 447 132 457 ’
214 466 304 519 eruut
327 459 517 540 adterendae,
546 478 698 537 europus
729 458 924 537 iampridem
955 460 1099 537 scriptum
1123 458 1224 520 loanni
1254 463 1370 521 miserit

215 564 350 645 Cyrillus.
389 563 488 637 Quid?
521 566 606 637 Quod
630 567 724 645 ipsius
748 565 848 645 Cyrilli
872 565 1083 645 comprobatur
1108 565 1212 627 ‘verbis
1241 571 1369 647 scriptos

216 690 283 732 esse
302 691 326 732 c.
345 672 398 734 lul.
422 672 515 733 libros
534 682 602 752 post
625 672 795 733 damnatum
814 671 946 732 Nestorii
965 668 1121 733 errorem?
1157 672 1267 752 Pagina
1291 677 1370 735 enim

217 775 281 840 279
290 778 323 858 E,
347 779 398 840 nbi
422 781 459 841 de
482 778 597 840 duabus
622 781 737 840 naturis
761 781 868 838 mirum
898 781 929 838 in
952 779 1074 838 modum
1105 781 1135 838 in
1159 779 1277 841 Christo
1301 800 1369 842 con·

217 888 327 946 iunctis
350 885 440 946 rerba
464 888 598 967 fecisset,
626 884 677 947 καὶ
704 884 743 946 τὸ
766 881 921 962 ἀπιετεῑν,
945 888 1056 966 iuquit,
1087 883 1145 947 οὐκ
1168 882 1300 963 ἀζήμιον
1323 883 1371 949 οἱ(

218 989 257 1053 ἂν
281 991 409 1066 λέγοιτο
433 993 512 1069 δρᾶν
536 987 592 1076 (sc.
612 990 631 1054 b
654 989 760 1054 πάντα
783 988 928 1074 ἰεχύων),
953 989 1011 1054 κᾶν
1036 989 1125 1069 εἴπερ
1149 1011 1194 1074 τῳ
1224 996 1301 1077 δοκῇ
1330 995 1370 1070 μὴ

219 1097 295 1161 εὐθὺ
319 1098 470 1176 φέρεεθαι
494 1102 552 1161 τοῦ
573 1097 702 1161 εἰκότος.
740 1100 801 1172 lam
820 1119 890 1160 vero
913 1119 949 1160 ne
969 1099 999 1160 id
1019 1101 1139 1179 quidem
1163 1103 1234 1161 satis
1258 1101 1371 1162 intelle-

217 1226 288 1286 gere
316 1226 452 1288 possum,
486 1208 633 1286 quomodo
667 1209 777 1268 iactum
796 1209 862 1286 sit,
892 1215 927 1268 ut
959 1209 1033 1267 tanti
1068 1208 1167 1286 operis
1195 1208 1372 1269 conficiendi

68 1336 73 1346 ·
152 1351 154 1355 ·
218 1315 312 1374 otium
336 1315 523 1393 contingeret
542 1313 650 1393 Cyrillo
675 1323 742 1374 ante
763 1332 871 1374 annum
891 1309 966 1394 435,
991 1333 1050 1393 qtro
1073 1315 1190 1375 sedatae
1211 1323 1281 1375 sunt
1302 1334 1372 1394 pau-

217 1421 308 1499 lisper
327 1421 547 1481 controversiae
565 1419 631 1480 illae
650 1422 738 1480 nimis
760 1419 956 1481 turbulentae.
995 1420 1080 1491 Quod
1101 1424 1126 1481 si
1144 1430 1248 1501 postea
1275 1425 1368 1501 scrip·

221 1536 283 1588 tum
303 1546 369 1587 esse
395 1529 561 1607 statuimus,
581 1530 669 1588 etiam
688 1527 718 1587 id
737 1527 897 1608 lucramur,
916 1535 950 1588 ut
969 1546 1049 1589 nunc
1069 1529 1155 1608 plane
1175 1528 1372 1610 intellegatur,

220 1633 330 1712 quibus
354 1637 452 1694 causis
475 1642 630 1712 permotus
654 1652 811 1712 aggressus
836 1636 874 1694 sit
898 1634 1025 1713 Cyrillus
1048 1634 1154 1696 loliani
1179 1633 1271 1695 libros
1296 1636 1374 1694 relu-

221 1749 293 1819 tare,
312 1743 363 1818 qui
384 1758 418 1798 eo
438 1749 572 1820 tempore
588 1760 624 1800 ne
645 1740 820 1819 legebantur
835 1741 955 1818 quidem
971 1742 1105 1824 amplius,
1125 1745 1150 1802 si
1165 1742 1375 1821 chrysostomo

221 1848 344 1909 credere
364 1848 408 1907 las
428 1857 481 1908 est.
514 1847 612 1907 Novae
632 1850 711 1908 enim
732 1866 809 1907 anno
826 1844 892 1908 435
913 1857 1033 1908 exortae
1054 1857 1139 1910 erant
1157 1851 1376 1909 controversiae

221 1955 258 2015 de
277 1954 361 2015 libris
381 1951 530 2014 Theodori
544 1953 747 2034 Mopsuesteni
766 1956 910 2033 principis
931 1955 1048 2015 scholae
1064 1955 1273 2035 Antiochense,
1290 1958 1377 2016 cuius

222 2062 333 2122 assecla
358 2062 454 2122 luerat
472 2063 536 2140 ipse
556 2061 721 2141 Nestorius,
745 2062 831 2120 ouius
854 2059 948 2120 libros
975 2061 1147 2123 lectitabant
1166 2064 1217 2139 qui
1240 2061 1376 2122 haeresin

223 2168 393 2246 relinquere
422 2166 562 2228 nolebant
589 2166 804 2227 Nestorianam.
847 2167 942 2246 Atque
973 2186 1050 2228 anno
1073 2165 1139 2230 435
1169 2169 1294 2228 coneilio
1318 2170 1375 2229 An-

222 2275 361 2335 tiocheno
392 2282 490 2335 actum
519 2284 565 2335 est
592 2273 628 2334 de
657 2272 740 2333 libris
765 2268 956 2354 Theodori,¹)
990 2284 1092 2334 contra
1121 2293 1208 2353 qttem
1235 2276 1378 2355 Cyrillum

225 2381 329 2442 eodem
349 2383 492 2460 temporis
511 2389 662 2442 momento
677 2388 793 2440 constat
812 2378 904 2439 libros
924 2387 986 2439 tres
1001 2382 1166 2459 scripsisse.
1202 2382 1249 2442 Nil
1269 2385 1376 2444 mirum

224 2491 316 2567 igitur
335 2488 476 2567 Cyrillurn
497 2490 584 2548 etiam
604 2488 639 2548 ad
660 2506 763 2547 eorum
787 2484 932 2547 librorum
951 2495 1022 2547 tnnc
1042 2490 1176 2548 notitiam
1195 2493 1376 2572 pervenisse,

149 2637 154 2644 -
226 2593 334 2673 quibus
354 2595 459 2654 Iuliani
478 2592 570 2654 libros
590 2595 720 2654 relutare
736 2594 891 2654 studuerat
910 2593 958 2654 ille
974 2596 1187 2673 quinquaginta
1208 2595 1269 2654 lere
1289 2599 1374 2656 annis

225 2711 302 2761 ante.
339 2701 443 2781 Neque
467 2699 532 2761 lieri
555 2703 698 2780 potuisse,
722 2703 794 2778 quin
817 2703 846 2760 in
871 2703 908 2760 iis
927 2718 1045 2778 quoqne
1065 2711 1222 2778 appareret
1240 2701 1375 2763 doctrina

226 2808 343 2869 scholae
367 2807 567 2868 Antiochenae
587 2789 676 2886 supra
697 2809 897 2885 exposuimus.
937 2806 1029 2867 Cuius
1052 2807 1119 2866 odio
1139 2825 1206 2868 cnm
1230 2809 1378 2890 flagraret,

226 2915 397 2976 censendus
418 2924 464 2975 est
486 2913 612 2993 Cprillus
637 2916 812 2993 opposuisse
836 2913 985 2974 Theodori
1008 2912 1153 2974 librorum
1177 2914 1377 2975 lulianeorunt

227 3024 399 3084 refutationi
422 3023 513 3082 libros
533 3039 612 3102 suos,
637 3023 688 3101 qui
706 3031 805 3081 rectae
825 3021 893 3080 fidei
913 3039 983 3100 prae
1007 3039 1038 3080 se
1059 3020 1160 3081 lerunt
1179 3020 1376 3082 defensorem.

228 3239 374 3317 homines
393 3238 444 3315 qui
463 3235 656 3295 Alexandriae
676 3236 764 3294 etiam
784 3243 848 3295 tum
867 3232 1093 3322 inveniebantur
1113 3252 1128 3292 a
1144 3233 1380 3294 Christianorum

229 3344 372 3423 religione
398 3341 493 3402 alieni.
528 3341 758 3401 Inveniebantur
787 3343 850 3400 sine
879 3339 977 3400 dubio.
1016 3340 1130 3411 Quanta
1155 3343 1235 3400 enim
1258 3359 1317 3400 non
1341 3343 1380 3401 ita

230 3452 330 3511 inultis
355 3451 439 3510 annis
459 3455 526 3508 ante
552 3450 648 3508 luerat
668 3447 808 3527 Hypatiae
833 3445 1001 3507 admiratio!
1037 3449 1077 3507 Ac
1100 3455 1167 3526 post
1187 3465 1295 3507 annum
1315 3443 1381 3507 435

232 3575 336 3617 vacare
360 3565 442 3615 tanto
466 3557 550 3634 operi
578 3557 635 3614 iarn
660 3573 750 3633 supra
774 3557 933 3614 memoravi
957 3553 1097 3633 Cyrillum
1129 3554 1212 3613 facile
1242 3556 1383 3635 potuisse,

231 3666 317 3724 cuius
345 3665 428 3743 prior
456 3670 537 3722 certe
562 3661 649 3721 decas
673 3661 804 3740 perlecta
829 3661 884 3721 luit
912 3663 975 3720 sine
1004 3659 1093 3720 dubio
1121 3679 1198 3720 anuo
1225 3657 1305 3742 441,
1333 3663 1383 3740 qui

230 3772 348 3832 loannis
372 3772 447 3830 vitae
472 3777 535 3829 erat
560 3779 719 3829 extremus.

319 3877 379 3938 lam
399 3879 519 3936 veroin
539 3876 691 3937 codicibus
711 3894 798 3936 manu
820 3877 940 3954 scriptis
960 3876 1044 3953 quini
1063 3874 1164 3954 Cyrilli
1187 3874 1255 3935 libri
1274 3878 1384 3936 artiore

232 3985 361 4065 quodam
384 3983 501 4043 vinculo
521 3986 599 4044 inter
619 4003 650 4044 se
668 3959 818 4044 coniuncti
839 3991 922 4062 sunt,
947 3999 1014 4041 nam
1039 3983 1123 4060 quini
1141 3977 1232 4056 τόμοι
1252 3983 1385 4043 efficiunt

235 4111 328 4154 unum
354 4087 483 4168 βιβλίον.
520 4089 563 4151 lta
587 4109 636 4150 res
659 4098 706 4151 est
729 4092 760 4149 in
779 4091 891 4168 optimo
913 4087 1014 4147 codice
1034 4087 1122 4148 Marc.
1144 4084 1207 4148 123
1232 4107 1290 4149 sec.
1309 4087 1385 4149 lllll.

232 4285 445 4296 ..u-...n--n—

310 4425 334 4490 1)
356 4422 396 4479 cf.
417 4421 508 4476 Menai
526 4421 551 4475 V
570 4439 598 4490 p.
619 4426 686 4474 1181
698 4437 738 4488 sq.
