3192 4906
501 307 543 362 De
561 304 663 362 Iuliani
680 305 761 360 libris
779 303 966 360 restituendis.
1248 301 1311 366 129

164 483 194 536 et
217 483 351 554 gesserat
374 482 405 534 et
425 493 532 554 passus
551 481 625 555 erat,
648 493 702 534 suo
725 474 790 535 iure
809 473 866 533 hoe
889 471 954 531 loco
978 473 1049 550 poni
1072 470 1251 532 ridebuntur
1270 489 1313 553 ea,

163 599 238 661 quae
265 584 296 643 in
319 581 473 642 historiam
497 583 667 642 tentationis
692 579 802 643 Christi
825 581 930 640 iecisse
954 577 1037 638 illum
1061 580 1252 656 cognovimus
1276 597 1313 638 ex

163 689 330 768 fragmento
353 686 503 748 Theodori
530 687 748 768 Mopsuesteni‚
771 681 937 768 (Fritzsche
961 704 988 765 p.
1007 681 1063 764 12,
1082 681 1125 746 22
1143 717 1180 727 -
1200 682 1240 745 16
1270 681 1313 766 7).

162 793 378 854 Perstrinxisse
406 801 506 854 autem
534 794 680 855 lulianum
708 793 849 854 Matthaei
876 786 926 873 (4,
948 784 1095 873 1-11),
1127 809 1186 852 non
1215 788 1313 852 Lucae

163 903 363 962 narrationem
391 919 482 981 supra
511 903 715 982 exposuimm,
746 900 797 962 uhi
825 898 915 958 verba
944 899 1069 958 fecimus
1097 897 1133 957 de
1157 897 1313 958 Theodoro

162 1007 381 1087 Mopsuesteno.
412 1005 528 1077 Quibus
548 1018 647 1069 autem
666 1006 714 1068 ille
731 1007 829 1067 verbis
844 1009 979 1066 invectus
994 986 1074 1064 esset
1088 1008 1120 1067 in
1134 1004 1315 1066 Matthaeum

121 1112 126 1122 ’
162 1132 223 1174 non
246 1113 357 1193 ubique
381 1130 562 1192 cognoscere
585 1131 760 1194 possumus,
784 1112 863 1193 qtrod
887 1131 921 1172 ea
945 1110 1107 1192 Theodori,
1135 1109 1244 1189 quibus
1267 1108 1313 1169 lu·

162 1220 234 1281 liani
258 1220 346 1281 verba
365 1220 566 1282 afferebantur
587 1221 693 1300 procul
712 1221 812 1302 dubio,
835 1227 950 1280 servata
974 1217 1060 1278 nobis
1079 1235 1139 1277 non
1163 1224 1241 1278 sunt.
1262 1215 1314 1276 ‘De

162 1329 319 1388 sententiis
342 1335 441 1388 autem
463 1331 528 1390 eius
547 1348 583 1389 ex
602 1329 752 1389 Theodori
775 1328 955 1390 refutatione
978 1326 1052 1387 haec
1076 1325 1153 1385 effici
1175 1333 1314 1404 possunt:

134 1447 137 1453 “
166 1429 200 1515 1)
224 1433 347 1494 Miratus
370 1442 418 1494 est
435 1434 567 1495 lulianus
590 1435 669 1513 quod
692 1443 808 1496 tentare
828 1434 979 1495 Christum
1003 1450 1093 1493 ausus
1112 1440 1158 1493 est
1181 1430 1315 1493 diabolus

162 1540 304 1618 princeps
327 1538 517 1615 daemonum,
546 1542 598 1620 qui
621 1540 709 1601 deum
734 1540 818 1601 illum
842 1558 908 1601 esse
937 1550 967 1601 et
990 1548 1169 1618 cognossent
1192 1546 1222 1599 et
1245 1557 1314 1599 con-

162 1645 235 1705 fessi
258 1656 373 1727 essent3
397 1647 433 1706 cf.
453 1646 507 1706 Th.
526 1646 563 1707 M.
582 1666 611 1727 p.
628 1644 678 1730 12,
692 1644 735 1708 22
750 1665 828 1727 sqq.:
857 1645 961 1710 Οὐδὲν
984 1645 1103 1722 καινὸν,
1128 1641 1314 1721 ἀεεβέετατε·

162 1745 323 1827 Ἰουλιανέ,
347 1749 374 1813 εἰ
397 1750 448 1815 καὶ
471 1744 657 1826 γινώεκεται
680 1750 744 1815 ὑπὸ
768 1754 834 1815 τῶν
854 1750 1016 1830 δαιμόνων
1038 1750 1089 1813 καὶ
1109 1747 1314 1828 ὁμολογεῖται

163 1855 238 1919 θεάε
257 1855 309 1919 καὶ
326 1855 506 1935 πειράζεται
525 1856 589 1920 ὑπὸ
610 1862 669 1921 τοῦ
689 1855 846 1936 ἀρχοντοε
864 1861 932 1922 τῶν
951 1856 1113 1936 δαιμόνων
1136 1858 1176 1934 μὴ
1197 1855 1313 1934 ὁμολο-

162 1965 301 2038 γούντοι
321 1964 379 2042 τὴν
403 1963 504 2028 αὐτοῦ
529 1962 696 2042 βαειλείαν.
733 1961 769 2047 2)
793 1965 867 2027 Cum
885 1967 983 2027 Moses
1007 1974 1038 2027 et
1055 1965 1134 2026 Elias
1156 1973 1314 2045 postquam

162 2089 218 2148 per
236 2072 431 2152 quadraginta
446 2073 509 2134 dies
527 2072 602 2134 cibis
620 2092 686 2134 sese
701 2072 910 2135 abstinuerunt
928 2074 1042 2152 magnis
1057 2073 1197 2153 praemiis
1215 2082 1316 2133 essent

163 2179 274 2259 affecti,
293 2182 480 2258 quaesiverat
498 2178 629 2240 lulianus
648 2199 737 2259 quern
754 2180 838 2242 lesus
857 2181 1041 2261 percepisset
1059 2177 1193 2239 eiusdem
1211 2181 1314 2240 ieiunii

163 2281 317 2345 fructum?
340 2284 393 2346 Th.
404 2286 441 2347 M.
455 2282 504 2368 13,
516 2284 554 2347 11
567 2304 645 2365 sqq.:
663 2283 746 2348 ἀλλὰ
763 2285 916 2363 Μωυεῆιε
931 2303 1026 2362 φηειν
1040 2283 1315 2362 ήμέραετεεεαρά-
1436 2263 1445 2271 “

163 2409 262 2453 κοντα
277 2391 445 2468 νηετεύεαε
465 2389 560 2471 ἔλαβε
578 2391 637 2455 τὸν
655 2390 769 2470 νόμον,
791 2390 900 2456 Ἡλίαε
914 2392 950 2454 δὲ
973 2390 1128 2454 τοιαύταε
1146 2392 1315 2470 νηιτεύεαε

164 2494 261 2559 θείων
290 2496 456 2575 αὐτοψιιύν
481 2496 608 2577 ἔτυχεν,
636 2496 751 2576 Ἰηεοῦε
780 2500 815 2562 δὲ
839 2497 867 2561 τί
891 2497 970 2578 μετὰ
996 2497 1147 2577 τοιαύτην
1170 2499 1316 2578 νηετείαν

165 2600 298 2680 ἔλαβεν;
340 2605 420 2666 llaec
453 2615 572 2687 praeter
600 2608 744 2669 adiectam
771 2627 787 2668 a
814 2604 972 2668 Theodoro
1003 2625 1106 2668 vocem
1137 2604 1221 2670 ἀλλά
1252 2613 1316 2690 ipsa

165 2709 273 2772 loliani
296 2730 362 2772 esse
389 2711 479 2773 rerha
503 2732 611 2775 censeo
634 2724 758 2794 propter
781 2717 1044 2794 interrogationem
1067 2711 1097 2774 τί
1121 2747 1162 2758 -
1186 2712 1314 2792 ἔλαβεν;

167 2811 204 2900 3)
230 2817 421 2888 Quaesiverat
444 2819 588 2901 lulianus,
612 2822 664 2899 qui
686 2821 753 2880 lieri
775 2829 890 2901 posset,
918 2832 952 2881 ut
975 2821 1109 2882 doctrina
1124 2822 1213 2882 ,eaelo
1236 2823 1317 2902 lapsa
1428 2903 1429 2906 Ἴ

166 2924 274 2986 lemem
308 2925 492 3006 depellerent
524 2927 668 2988 homines.
715 2926 851 2988 Efficitur
883 2927 940 2988 hoo
973 2945 1008 2988 ex
1036 2926 1185 2988 Theodori
1218 2927 1316 2988 verbis

167 3028 219 3113 13,
237 3026 364 3112 roma:
392 3029 489 3092 τὸδὲ
514 3029 566 3093 ἐπὶ
589 3029 685 3093 παντὶ
708 3028 820 3108 ῥήματι
849 3033 925 3094 6εοῦ
948 3029 988 3093 ού
1015 3030 1088 3108 περὶ
1116 3030 1317 3095 διδαεκαλὶαε

164 3136 262 3214 λέγει,
282 3133 365 3198 ἀλλὰ
383 3136 464 3214 πρόε
480 3137 539 3201 τὸν
553 3137 708 3215 ποριεμόν
726 3140 783 3215 τῆς
796 3141 920 3215 τροφή(
940 3147 970 3200 et
986 3137 1036 3221 13,
1050 3135 1093 3200 25
1112 3136 1196 3216 ῥῆμα
1211 3137 1317 3212 λέγων

163 3243 225 3320 τὴν
253 3244 418 3320 ποιητικὴν
447 3242 596 3323 βούληειν
627 3247 686 3307 τοῦ
714 3247 801 3308 θεοῦ.
847 3238 884 3329 4)
913 3246 1150 3325 interrogaverat
1176 3244 1317 3326 lulianus,

165 3367 224 3411 eur
240 3349 339 3411 lesum
358 3359 475 3413 tentare
495 3351 611 3412 diaholo
628 3352 771 3434 licuisset,
789 3351 901 3413 Mosem
915 3350 1009 3412 liliam
1028 3369 1088 3412 non
1106 3353 1186 3412 item.
1210 3351 1264 3412 Th.
1279 3351 1316 3412 M.

167 3454 220 3538 13,
235 3452 365 3537 25sqq.:
391 3454 528 3533 Μωυεῆε
547 3455 582 3518 δὲ
597 3455 648 3518 καὶ
666 3454 774 3519 Ἡλίαε
795 3455 1020 3535 νηττεύεαντεε
1038 3455 1079 3520 ού
1098 3459 1316 3536 ευνεχωρήθη-

165 3581 227 3626 εαν
253 3565 458 3639 πειραεθήναι
478 3611 547 3640 ...,
576 3559 594 3623 ὁ
622 3563 658 3625 δὲ
687 3563 790 3641 ιωτήρ
818 3559 999 3637 ἀναγκαία(
1027 3565 1230 3643 ευνεχωρήθη
1254 3563 1316 3627 κτὲ.

165 3666 203 3754 5)
228 3669 360 3730 lulianus
379 3669 528 3732 diabolum
551 3673 675 3732 miratus
695 3678 767 3756 erat,
790 3673 842 3751 qui
864 3673 895 3732 iu
915 3672 1033 3734 deserto
1051 3674 1199 3753 potuisset
1217 3673 1317 3734 lesum

165 3778 279 3839 ducere
306 3780 338 3838 in
361 3787 505 3859 montem,
533 3780 586 3857 qui
612 3778 672 3840 illic
695 3797 755 3839 non
779 3784 867 3839 esset.
908 3775 961 3839 l'h.
984 3780 1021 3840 M.
1044 3777 1183 3856 14‚19.:
1219 3776 1256 3841 Τί
1280 3779 1316 3841 δὲ

166 3880 346 3960 θανμάζειε,
370 3879 418 3945 ὅτι
442 3884 482 3960 μή
506 3879 601 3947 ἀντοε
624 3881 721 3961 ὄρονε
744 3882 871 3961 ὑψηλοῦ
895 3883 931 3946 ἐν
954 3889 992 3967 τῇ
1016 3884 1123 3967 ἐρήμῳ
1147 3884 1273 3960 λέγεται
1297 3883 1316 3947 δ

166 3987 323 4068 διάβολοι
346 3987 523 4065 ἀναγαγεῖν
541 3989 641 4055 αὐτὸν
660 3989 706 4054 εἰ(
728 3987 805 4068 ὅροι
823 3988 951 4068 ὑψηλὸν
970 3989 1054 4066 λίαν;
1080 3992 1122 4054 Cf.
1156 3987 1191 4076 6)
1211 3993 1264 4054 Th.
1278 3993 1316 4054 M.

168 4095 227 4179 15,
245 4096 266 4159 2
281 4115 359 4178 sqq.:
387 4093 470 4159 ἀλλὰ
493 4099 576 4175 πῶτ,
599 4096 708 4175 φηεὶν,
737 4095 781 4161 εἰε
804 4095 842 4159 τὸ
865 4095 1038 4172 πτερύγιον
1064 4101 1123 4159 τού
1146 4095 1236 4175 ἱεροῦ
1258 4097 1317 4162 τὸν

165 4203 279 4282 κύριον
303 4201 464 4284 ἀνήγαγεν
488 4201 507 4266 ὁ
526 4202 676 4283 διάβολοι
694 4201 773 4269 ὄντα
797 4204 833 4266 ἐν
851 4208 890 4287 τῇ
913 4203 1033 4286 ἐρήμιμ;
1071 4204 1155 4266 Unde
1178 4205 1252 4267 haec
1269 4205 1316 4267 lu·

165 4313 242 4374 liani
263 4311 461 4374 restituenda:
493 4313 563 4373 πῶε
586 4311 630 4374 eis
658 4311 695 4374 τὸ
724 4310 897 4389 πτερύγιον
919 4314 978 4373 τοῦ
1000 4309 1089 4388 ἱεροῦ
1112 4309 1176 4374 ’τὸν
1199 4308 1317 4389 Ἰηεούν

166 4417 364 4494 ἀνήγαγεν
379 4414 458 4479 ὄντα
473 4416 509 4479 ἐν
522 4421 561 4498 τῇ
577 4416 696 4500 ἐρήμψ;
721 4419 824 4498 Neque
840 4421 918 4480 enim
934 4421 1031 4498 potuit
1044 4418 1176 4480 lulianus
1190 4422 1236 4480 uti
1244 4439 1316 4482 voce

224 4530 330 4570 Iulianus
344 4530 379 4572 ed.
393 4531 518 4571 heumann.
1086 4525 1101 4571 9
