3192 4906
272 313 336 378 146
763 311 855 384 eaput
873 310 920 370 ΙΙΙ.

273 480 397 544 Vi—X.
412 481 525 542 iontem
540 499 605 542 esse
619 479 800 542 Marcianum
817 479 849 543 Μ
868 499 923 560 pro
938 489 1020 542 certo
1035 479 1184 543 adfirmari
1198 479 1276 542 licet.
1306 477 1416 540 Eorum

272 590 353 652 enim
380 588 627 669 fragmentorum,
655 607 729 667 quae
757 587 804 648 his
832 587 916 649 libris
944 596 1059 650 servata
1087 595 1170 668 sunt,
1198 589 1365 666 scripturae
1389 589 1418 646 in

271 686 423 758 codicibus
454 693 486 757 Μ
510 701 540 754 ει
564 693 587 754 Β
615 712 675 754 non
705 694 847 758 differunt
874 695 933 754 nisi
961 695 993 754 in
1021 692 1111 754 rebus
1140 695 1278 753 minimis.
1320 688 1419 762 Quid?

271 800 357 872 Quod
379 820 407 879 p.
428 797 557 864 358Αὸ
586 799 745 862 verborum
770 801 964 874 ψευδοεπεϊε
987 797 1038 863 καὶ
1065 798 1181 863 litteras
1207 800 1337 862 boensi<
1360 797 1419 874 καὶ,

242 971 245 978 ,
271 909 401 987 quaein
426 905 458 969 Μ
486 907 549 967 iere
579 908 734 968 evanuisse
759 906 946 988 supradixi,
974 909 1005 966 in
1029 905 1131 972 codice
1156 904 1179 966 Β
1208 925 1314 968 manns
1337 909 1419 986 prior

270 1023 373 1094 postea
396 1010 526 1076 adiecit?
564 1013 646 1084 Quae
665 1030 734 1074 cum
756 1015 787 1074 in
810 1013 912 1074 codiee
931 1011 1043 1074 Veneto
1065 1009 1129 1074 124
1152 1014 1273 1074 omuino
1292 1016 1417 1074 omissae

272 1123 347 1202 sint,
365 1119 548 1200 intellegitur
568 1138 627 1181 nou
647 1138 683 1180 ex
706 1139 742 1180 eo
761 1119 894 1183 codicem
913 1119 1122 1180 Mouaceusem
1142 1137 1207 1180 esse
1227 1119 1419 1200 descriptum,

270 1229 324 1288 sed
347 1246 383 1287 ex
402 1229 466 1305 ipso
486 1226 634 1288 Marciano
654 1225 695 1290 M.
732 1225 777 1286 Ex
797 1245 856 1305 que
881 1209 976 1294 etiam,
993 1227 1180 1306 prooemium
1202 1227 1324 1288 fluxisse
1343 1227 1420 1312 laon·

271 1337 317 1404 nis
336 1335 566 1414 demonstratur,
589 1351 663 1412 quas
682 1333 811 1412 explevit
831 1351 935 1394 manus
954 1333 1053 1394 altera.
1095 1333 1138 1394 lta
1157 1353 1185 1414 p.
1205 1332 1260 1395 ΒΑ
1279 1331 1318 1394 11
1343 1333 1418 1394 litte·
1489 1319 1497 1330 ’

271 1459 322 1502 rae
346 1458 407 1517 χαρ
436 1457 524 1502 manu
551 1440 567 1499 1
603 1422 739 1501 exaratae
768 1449 852 1522 suut,
881 1439 995 1517 ιςήριοι
1025 1441 1132 1502 adiecit
1159 1459 1264 1503 manus
1288 1438 1319 1500 2.
1356 1439 1419 1510 Quo

270 1549 337 1615 loeo
366 1566 439 1626 quas
467 1549 630 1626 scripturas
654 1547 686 1609 M
710 1557 741 1608 et
764 1547 786 1605 V
814 1547 990 1628 praebeant,
1018 1567 1108 1627 supra
1127 1549 1270 1611 indicavi.
1312 1546 1419 1606 Mirum

272 1663 355 1716 corte
369 1662 415 1716 est
432 1653 592 1728 librarium,
602 1655 748 1733 quendem
767 1657 957 1734 prooemium.
973 1664 1003 1716 ει
1017 1655 1109 1716 libros
1125 1655 1250 1716 vi-x.
1272 1673 1308 1714 en
1328 1654 1419 1716 altero

272 1761 373 1826 codice
397 1761 631 1843 deprompsisse,
650 1781 686 1826 ex
709 1762 802 1826 altero
831 1761 923 1822 libros
945 1759 1045 1822 1.-V.
1084 1761 1143 1821 Sed
1166 1759 1344 1823 statuendus
1368 1768 1420 1840 est,

272 1888 331 1948 quo
346 1877 480 1948 tempore
498 1867 591 1932 libros
609 1878 712 1933 contro
730 1869 877 1935 irrliemum
896 1870 1023 1947 scriptos
1043 1887 1163 1929 exarare
1183 1870 1305 1946 incepit,
1329 1885 1420 1931 uuum

271 1976 407 2040 codicem·
428 1974 451 2032 V
474 1978 661 2056 cognovisse,
685 1995 773 2054 quem
797 1994 853 2036 uec
882 1977 1069 2060 prooemium
1097 1995 1153 2036 nec
1176 1975 1268 2036 libros
1294 1972 1420 2035 vi—x.

272 2081 413 2148 exhibere
432 2099 522 2160 supra
540 2082 608 2144 dixi.
646 2081 757 2144 Deinde
781 2085 811 2143 iu
830 2101 936 2144 manus
955 2085 983 2143 ei
1001 2082 1107 2144 incidit
1125 2083 1218 2144 codex
1238 2079 1280 2163 M,
1303 2100 1340 2140 en
1360 2099 1418 2160 qno

272 2207 307 2252 ea
330 2189 449 2267 adiecit,
477 2207 552 2266 quae
581 2173 713 2250 nondum
742 2194 919 2251 exaraverat.
961 2189 1057 2268 Atque
1085 2191 1127 2250 ita
1156 2207 1221 2250 rem
1250 2207 1283 2248 se
1310 2187 1420 2250 habere

273 2297 362 2359 etiam
389 2295 458 2360 iude
487 2295 630 2374 efficitur,
659 2294 738 2373 quod
762 2294 855 2355 codex
881 2294 904 2356 Β
932 2294 1178 2374 quaternionibus
1207 2303 1338 2376 constat,
1366 2297 1422 2356 nisi

273 2403 358 2481 quod.
371 2404 532 2481 praemissa
547 2410 616 2464 sunt
631 2401 691 2462 duo
705 2401 783 2483 folia,
802 2401 912 2480 quibus
925 2405 1111 2481 prooemium
1127 2405 1305 2464 continetur.
1338 2402 1421 2464 Unde

150 2511 163 2541 ¹*
273 2511 361 2569 etiam
385 2507 567 2585 intellegitur
591 2507 723 2568 codicem
749 2507 772 2568 B
796 2526 855 2568 nou
879 2527 915 2568 ex
938 2509 995 2576 alio
1015 2508 1117 2570 codice
1140 2509 1328 2587 descriptum
1348 2527 1422 2589 esse,

273 2617 303 2674 in
327 2633 386 2693 quo
410 2613 528 2677 codices
552 2611 585 2675 M
609 2613 680 2673 etV
702 2618 760 2675 iam
783 2615 936 2676 coniuncti
955 2623 1048 2696 erant,
1073 2615 1128 2676 sed
1147 2617 1243 2693 ipsius
1265 2613 1421 2675 librarium

273 2721 366 2782 libros
388 2723 519 2799 primum
541 2723 582 2782 ita
606 2723 805 2783 coniunxisse.
842 2721 944 2801 Neque
969 2720 1045 2782 alius
1068 2721 1236 2782 censendus
1260 2730 1306 2781 est
1329 2720 1422 2782 libros

274 2837 378 2890 contra
393 2828 539 2891 lulianum
554 2831 690 2907 quintum
706 2837 737 2890 ει
750 2836 868 2889 sextum
882 2846 1036 2908 separasse
1050 2830 1207 2890 interiecto
1220 2827 1297 2888 libro
1317 2837 1420 2890 oontna

275 2933 586 3014 anthropomorphitas
609 2937 674 3014 ipso
698 2953 817 3013 quoque
841 2953 877 2996 ex
901 2933 924 2992 V
947 2935 1106 3014 descripto.

363 3041 443 3102 Haec
476 3042 512 3102 de
545 3041 656 3102 codicis
683 3041 869 3106 Monacensis
897 3058 986 3102 mauu
1013 3039 1044 3121 13
1077 3043 1135 3104 iam
1163 3059 1233 3103 vero
1266 3041 1302 3102 de
1331 3041 1423 3104 altera

275 3149 441 3229 disputabo.
478 3147 572 3218 Quam
592 3167 645 3210 sua
668 3147 887 3228 deprompsisse
912 3166 947 3208 ex
973 3143 1078 3207 ‘variis
1102 3146 1279 3208 lectionibus
1301 3149 1334 3207 in
1357 3147 1423 3208 libr.

275 3263 378 3316 contra
406 3251 578 3339 lulianum',
606 3275 681 3335 quae
712 3263 828 3316 exstant
859 3256 890 3314 in
919 3254 1048 3314 editione
1076 3252 1269 3334 Aubertiana,
1298 3254 1423 3314 sortasse

275 3363 332 3423 sihi
350 3362 551 3444 persuadebit,
570 3365 595 3424 si
613 3365 681 3448 quis
700 3363 879 3440 spectaverit
893 3363 1057 3440 scripturas
1076 3376 1165 3422 manu
1185 3359 1276 3422 altera
1296 3359 1425 3422 adiectas

276 3487 336 3532 nou
360 3487 472 3549 omnes,
497 3441 548 3530 sed
573 3487 690 3549 pancas
732 3467 839 3528 Mirum
865 3474 945 3526 certe
970 3473 1016 3526 est
1038 3465 1205 3528 dabertum
1228 3464 1264 3527 ad
1287 3485 1316 3544 p.
1336 3463 1423 3534 661

276 3574 416 3652 {pteron
439 3579 485 3658 τῷ
511 3573 568 3656 βίῳ
596 3578 628 3636 iu
651 3577 739 3636 variis
767 3573 945 3636 lectionibus
969 3573 1124 3636 adnotasse
1149 3567 1227 3652 ‘aiij,
1255 3571 1314 3632 τοῦ
1345 3565 1425 3648 βίου’

276 3691 306 3743 ει
333 3685 363 3744 iu
392 3683 494 3743 codice
519 3681 542 3742 B
573 3684 704 3762 priorem
733 3699 852 3742 manum
879 3682 926 3761 τῷ
956 3676 1012 3760 βίῳ
1040 3681 1210 3759 scripsisse,
1243 3677 1368 3738 alteram
1396 3679 1426 3738 iu

277 3790 409 3866 margine
429 3784 499 3868 ‘alij,
517 3789 576 3849 τοῦ
597 3781 688 3864 βίου’.
726 3787 784 3848 Sed
802 3765 950 3866 permulta
969 3805 1074 3848 manns
1093 3785 1185 3848 altera
1199 3777 1239 3866 (B
1254 3777 1291 3866 2)
1310 3783 1428 3863 adiecit,

277 3913 353 3974 quiae
374 3914 410 3956 ex
430 3895 558 3956 editione
577 3893 758 3954 dubertiana
777 3902 914 3974 repetere
939 3911 997 3954 nou
1016 3895 1122 3970 potuit.
1159 3890 1202 3950 Ita
1220 3910 1248 3969 p.
1267 3886 1350 3950 1135
1369 3891 1426 3951 Au·

278 4001 383 4065 bertus
408 3999 528 4062 exhibet
547 3999 657 4066 ἕπεται
680 3998 742 4076 γὰρ
765 3995 815 4062 ἀεὶ
838 4018 935 4079 neque
959 4001 1118 4078 quicquam
1141 4000 1172 4058 in
1196 3993 1301 4057 ‘variis
1326 3996 1427 4057 lectio-

195 4110 203 4115 ’
279 4104 380 4170 nibus’
400 4109 562 4170 adnotavit:
585 4110 637 4170 sed
662 4107 685 4168 B
704 4105 725 4169 2
750 4110 938 4187 scripturam,
962 4124 1049 4184 quam
1070 4105 1093 4166 B
1115 4103 1131 4165 1
1156 4103 1280 4185 praebet
1303 4101 1427 4163 eandem

277 4224 366 4294 atque
385 4212 575 4295 Aubertiana,
599 4233 658 4275 non
677 4212 821 4295 probavit,
842 4213 894 4272 sed
914 4215 945 4273 in
964 4214 1096 4291 margine
1115 4214 1216 4292 posuit
1235 4209 1346 4272 ἕπεται
1365 4206 1427 4285 γάρ

263 4339 356 4384 ‘nme
390 4322 492 4400 Neque
512 4342 540 4402 p.
557 4320 642 4382 tut
661 4320 813 4382 dabertus
830 4322 987 4398 quicquam
1004 4318 1123 4380 exhibet
1138 4320 1196 4378 nisi
1215 4317 1427 4393 εεμνοπρεπῆ,

281 4429 362 4507 quod
386 4431 474 4490 etiam
500 4428 523 4490 Β
546 4427 561 4489 1
587 4427 718 4507 praebet,
742 4426 793 4486 sed
815 4423 878 4487 Β2
902 4429 931 4486 in
957 4428 1087 4504 margine
1112 4427 1232 4504 scripsit
1252 4419 1427 4500 <θεοπρεπῆ
