3192 4906
604 299 645 354 De
664 301 766 356 Iuliani
784 301 862 358 libris
881 303 1070 360 restituendis.
1344 310 1414 374 ¹101

265 467 359 530 libros
383 487 455 530 suos
482 470 669 548 inscripserit
691 469 830 540 lulianus
873 471 1007 542 Quorum
1035 475 1261 553 inscriptionem
1288 494 1347 536 non
1372 479 1415 538 in-

266 577 362 636 veniri
384 577 415 636 in
439 575 539 655 Cyrilli
562 575 661 636 verbis
683 596 711 657 p.
730 574 786 640 31}
805 576 879 640 hub.
908 576 958 640 καὶ
982 578 1019 656 δὴ
1048 577 1120 656 τρία
1143 579 1345 660 ςυγγέγραφε
1371 586 1414 662 βι-

266 679 443 759 titiones&
469 683 536 744 τῶν
564 679 666 756 ἁγίων
688 679 892 758 ,εὐαγγελίων
918 683 968 746 καὶ
993 702 1050 748 κατ

265 788 462 866 Χριςτιανάιν
490 787 654 867 θρηςκείας
682 791 728 852 vel
755 791 824 852 inde
855 793 997 873 efficitur,
1030 793 1108 872 quod
1139 794 1227 856 verba
1255 792 1356 870 ἁγίων
1384 805 1415 858 et

263 895 403 972 εὐαγούς
430 898 513 978 loqui
547 898 595 959 hic
623 898 764 978 Ι(ὶγςίίλυιιι
791 898 1027 961 luculentissime
1055 901 1268 964 demonstrant.
1310 903 1413 982 Neque

262 1024 334 1068 vero
353 1007 512 1086 quicquam
532 1023 586 1066 nos
605 1005 743 1085 prohibet
757 1014 889 1068 statuere
904 987 987 1068 κατά
998 1005 1195 1084 Χριετιανῶν
1210 1006 1301 1084 λόγοι
1320 1011 1413 1072 fuisse
1500 1003 1502 1008 ’

260 1113 363 1193 operis
385 1113 619 1194 inscriptionem,
642 1131 718 1192 quae
742 1114 859 1174 videtur
883 1131 949 1174 esse
974 1115 1128 1176 efficienda
1151 1135 1188 1176 ex
1208 1115 1274 1197 Cyr.
1293 1136 1321 1196 p.
1336 1114 1412 1178 39λ

261 1214 393 1295 ἀρχεται
420 1216 530 1281 τοίνυν
557 1221 616 1282 τοῦ
639 1216 712 1283 καθ’
738 1219 829 1297 ἡμῶν
857 1217 966 1295 λόγου.
1008 1221 1112 1302 Neque
1145 1224 1225 1283 enim
1253 1225 1412 1304 quicquam

258 1329 389 1388 interest
413 1325 571 1388 verborum
596 1326 726 1388 Socratis
749 1327 778 1388 h.
797 1347 822 1390 e.
841 1326 919 1390 llll
946 1327 1095 1392 καὶτοὺς
1118 1327 1198 1392 κατὰ
1218 1329 1412 1407 Χριςτιανῶν

260 1429 380 1507 λόγους
399 1433 579 1510 ςυνέγραψε
604 1443 634 1496 et
651 1435 679 1495 h.
699 1454 725 1495 e.
744 1435 794 1496 Vlt
813 1431 866 1516 27,
890 1453 958 1498 cum
978 1454 1013 1498 ex
1035 1435 1143 1515 Cyrillo
1162 1437 1297 1498 hausisse
1316 1437 1412 1503 videa·

259 1548 311 1601 tur
334 1543 434 1619 operis
458 1539 582 1602 tulianei
597 1544 749 1608 ,notitiam
782 1541 840 1604 Sed
865 1542 1026 1603 crediderit
1053 1543 1131 1603 sorte
1154 1545 1301 1623 quispiam
1325 1543 1410 1606 aliam

258 1648 487 1728 inscriptionem
514 1667 579 1710 esse
611 1649 796 1710 efficiendam
825 1668 861 1709 en
891 1647 1047 1710 Theodoro
1073 1649 1288 1729 'Mopsuesteno
1317 1660 1348 1712 et
1374 1671 1411 1712 ex

257 1755 393 1833 ipsorum
421 1753 566 1816 librorum
595 1742 779 1835 argumento.
819 1755 862 1817 lta
895 1758 975 1816 enim
1007 1759 1217 1819 constituimus
1250 1777 1284 1818 ea
1312 1757 1410 1840 verba,

258 1862 389 1938 quaein
414 1861 515 1922 codice
539 1859 713 1922 Corsiniano
742 1865 974 1942 praemittuntur
998 1862 1148 1924 Theodori
1176 1864 1349 1943 fragmentis
1373 1885 1409 1925 ex

256 1967 354 2046 ipsius
368 1969 548 2032 refutatione
568 1968 713 2030 librorum
727 1968 832 2030 Iuliani
847 1969 974 2032 haustis:
994 1966 1168 2045 Θεοδώρου
1184 1968 1409 2046 Μοψουεςτίας

257 2071 294 2134 ἐκ
322 2074 388 2135 τῶν
416 2073 496 2150 πρὸς
523 2072 580 2136 τὰς
607 2072 689 2136 κατὰ
713 2073 907 2151 Χριςτιανῶν
936 2071 1126 2152 κατηγορίας
1149 2070 1407 2142 Ἰουλιανού“τού

256 2177 454 2257 παραβάτου.
496 2181 593 2262 Atque
620 2183 751 2244 iudiciali
778 2182 896 2244 dicendi
919 2202 1029 2263 genere
1057 2200 1145 2246 usum
1173 2201 1240 2245 esse
1263 2183 1408 2246 Iulianum
1437 2179 1443 2186 ⁴

253 2288 287 2346 in
314 2285 399 2348 libris
424 2290 499 2370 suis,
530 2307 606 2368 quos
629 2291 750 2368 scripsit
774 2298 878 2352 contra
901 2289 1085 2351 Christianos
1113 2296 1144 2349 et
1172 2307 1208 2350 ex
1235 2292 1407 2370 inquirendi

254 2394 371 2454 ratione
398 2394 594 2476 intellegitur,
621 2414 711 2475 quam
739 2414 807 2456 eum
835 2396 1005 2458 adhibuisse
1033 2397 1241 2478 unusquisque
1264 2417 1301 2460 ex
1330 2399 1406 2480 frag*-

254 2502 366 2562 mentis
388 2502 571 2582 persuadere
593 2502 650 2563 sibi
673 2511 785 2585 potest,
813 2511 843 2565 et
866 2505 930 2583 ipse
953 2504 1157 2584 pronuntiavit
1179 2505 1210 2566 in
1234 2507 1334 2586 operis
1358 2509 1405 2567 sui

252 2612 409 2689 prooemio
423 2629 452 2690 p.
466 2606 542 2670 41E
563 2610 640 2690 apud
656 2610 721 2690 Cpr.
758 2609 837 2671 Haec
856 2612 936 2671 enim
955 2619 1026 2672 sunt
1044 2612 1139 2690 ipsius
1158 2611 1259 2674 verba:
1279 2611 1406 2689 μέλλων

254 2714 292 2778 δὲ
307 2713 387 2793 ὑπὲρ
400 2718 468 2780 τῶν
482 2713 557 2793 παρ’
571 2713 681 2780 αὐτοῖς
696 2716 882 2793 λεγομένων
896 2714 1068 2794 δογμάτων
1082 2713 1235 2784 ἁπάντων
1250 2721 1407 2784 ποιεῖςθαι

252 2820 313 2886 τὸν
333 2819 446 2899 λόγον,
474 2821 579 2887 ἐκεῖνο
605 2821 759 2901 βούλομαι
782 2825 913 2901 πρῶτον
937 2821 1052 2901 εἰπεῖν,
1083 2821 1132 2886 ὅτι
1162 2824 1221 2902 χρὴ
1250 2824 1326 2888 τοὺς
1353 2823 1404 2889 ἐν·

251 2926 487 3007 τυγχάνοντας,
516 2927 606 3007 εἴπερ
635 2926 813 3005 ἀντιλέγειν
840 2929 996 3007 ἐθέλοιεν,
1024 2928 1130 3007 ὥςπερ
1159 2929 1195 2994 ἐν
1219 2929 1405 3014 δικαςτηρίῳ

251 3036 352 3115 μηδὲν
376 3034 495 3102 έξωθεν
514 3039 800 3114 πολυπραγμονεῖν
819 3036 905 3114 μηδὲ,
928 3034 1172 3114 τὸλεγόμενον,
1196 3034 1403 3116 ἀντικατηγο-

251 3148 332 3221 ρεῖν,
348 3143 408 3208 ἕως
423 3141 464 3208 ἀν
478 3140 558 3221 ὑπὲρ
577 3145 644 3207 τῶν
658 3139 734 3221 παρ’
747 3142 857 3208 αὐτοῖς
876 3141 1149 3222 άπολογήςωνται.
1181 3141 1332 3221 Ἄμεινον
1346 3143 1403 3223 μὲν
1433 3147 1435 3151 ’

250 3249 315 3328 γὰρ
339 3249 425 3314 οὕτω
454 3249 505 3313 καὶ
528 3251 724 3328 ςαφέςτερον
754 3247 837 3313 ἰδίαν
866 3249 924 3327 μὲν
947 3248 1150 3328 ένςτήςαςθαι
1173 3248 1403 3329 πραγματείαν,

249 3356 332 3426 ὅταν
355 3377 384 3420 τι
407 3359 473 3421 τῶν
497 3354 577 3435 παρ’
599 3357 675 3436 ἡμῖν
703 3355 848 3422 εὐθύνειν
872 3357 1018 3422 θέλωςιν·
1047 3357 1083 3421 ἐν
1106 3354 1154 3420 οἷς
1182 3356 1217 3419 δὲ
1241 3355 1323 3434 πρὸς
1346 3355 1402 3419 τὰς
1439 3354 1442 3361 ’

250 3460 331 3541 παρ’
349 3463 440 3542 ἡμῶν
459 3461 594 3527 εὐθύνας
613 3460 862 3542 ἀπολογοῦνται,
886 3462 985 3541 μηδὲν
1004 3459 1274 3542 ἀντικατηγορεῖν.
1315 3464 1402 3526 Prae

210 3590 215 3596 ·
249 3550 334 3632 terea
363 3579 461 3632 autem
491 3573 516 3631 si
544 3573 713 3633 meminerit
740 3571 795 3634 ille
817 3573 944 3634 inveniri
970 3573 1043 3633 haec
1071 3575 1102 3633 in
1126 3570 1234 3651 Cyrillo
1261 3590 1289 3650 p.
1309 3567 1402 3634 39h:

248 3675 383 3754 ἄρχεται
401 3675 512 3740 τοίνυν
530 3680 588 3740 τοῦ
607 3673 680 3741 καθ’
699 3677 789 3756 ἡμῶν
806 3676 923 3761 λόγου,
942 3699 969 3759 ρ.
985 3677 1076 3742 38E:
1095 3677 1131 3742 ἐν
1146 3675 1207 3755 γὰρ
1221 3680 1267 3759 τῷ
1282 3675 1401 3759 πρώτῳ

249 3781 340 3867 λόγῳ
368 3775 421 3846 oth
447 3782 691 3869 presumpta
718 3780 805 3848 ὅςων
832 3783 967 3848 ἐννοιῶν
991 3781 1131 3866 ἔρχεται,
1159 3803 1188 3864 p.
1207 3781 1298 3846 sss:
1325 3783 1401 3846 τοὺς

247 3893 307 3968 τῆς
330 3887 541 3970 ἀντιρρήςεως
561 3888 678 3966 λόγους
698 3887 899 3970 ἀποφήνειεν
918 3888 958 3954 ἀν
977 3888 1036 3955 οὐκ
1054 3890 1090 3955 ἐν
1111 3887 1216 3971 κόςμιμ
1236 3887 1318 3967 τάχα
1336 3909 1400 3953 που

248 3997 484 4076 γεγενημένους
503 4008 559 4061 etc.
578 4007 644 4080 etc,
667 3998 742 4060 hanc
765 3999 892 4060 fortasse
914 4006 1025 4060 statuet
1048 3999 1140 4058 fuisse
1159 3999 1259 4076 operis
1277 3996 1401 4059 lulianei

247 4108 489 4187 inscriptionem:
520 4101 695 4169 Ἰουλιανού
719 4101 960 4182 Αὐτοκράτορος
983 4101 1063 4166 κατὰ
1088 4103 1282 4181 Χριςτιανῶν
1305 4121 1408 4183 κατη-4

249 4209 365 4288 γορίας·
382 4209 480 4298 λόγος
498 4213 627 4289 πρῶτος
650 4211 823 4291 (δεύτερος,
842 4206 970 4294 τρίτος).
1008 4210 1064 4272 Cui
1086 4220 1157 4272 tunc
1177 4213 1315 4274 assentiri
1339 4231 1398 4273 non

247 4317 430 4398 dubitarem,
453 4321 478 4378 si
495 4317 645 4379 Theodori
663 4319 752 4380 verba
770 4339 830 4380 non
850 4327 952 4380 essent
974 4316 1055 4395 πρὸς
1073 4315 1139 4379 τάς
1158 4315 1238 4379 κατὰ
1253 4316 1393 4394 Χριςτια·

246 4425 314 4487 νῶν
329 4422 574 4501 κατηγορίας,
595 4425 646 4485 sed
661 4424 742 4501 πρὸς
755 4425 824 4504 τὴν
838 4421 918 4488 κατὰ
934 4423 1130 4504 Χριετιανῶν
1146 4421 1397 4503 κατηγορίαν.
