3194 4904
211 313 255 376 30
718 313 810 383 Capul
828 315 849 368 1.
932 393 934 396 Ι

209 481 282 539 tiani
300 477 467 558 ponendam
482 497 548 538 esse
563 478 712 540 Theodori
728 479 931 560 Mopsuesteni
949 487 1089 560 mortem3
1109 497 1197 558 quam
1216 498 1271 541 cur
1290 499 1359 541 cum

209 585 373 646 Fritzschio
397 588 427 646 in
447 585 580 646 eiusdem
604 589 698 666 prima
721 595 805 666 parte
829 589 870 648 ita
889 587 1078 668 collocemuS,
1101 595 1135 648 ut
1158 595 1225 648 ante
1248 590 1360 648 exitum

210 711 235 754 a.
254 689 319 754 428
342 692 427 776 illurn
448 693 661 754 contendamus
682 712 854 773 supremum
875 694 953 754 diem
973 694 1092 775 obiisse,
1116 713 1203 755 causa
1228 714 1288 756 non
1306 704 1361 756 est.

298 800 359 859 lam
388 817 458 859 vero
487 799 637 860 Theodori
664 802 723 860 vita
750 803 918 862 accuratius
947 803 1110 861 examinata
1138 801 1360 881 angustioribus

211 909 336 968 tortasse
361 909 495 967 terminis
516 907 762 967 circumscribere
786 910 951 987 poterimus
975 911 1118 988 temporis
1139 910 1276 990 spatium,
1300 927 1359 988 quo

210 1015 349 1078 refutavit
370 1013 524 1075 lulianum.
561 1013 683 1075 Constat
701 1023 801 1075 autem
822 1049 863 1058 —
887 1016 923 1075 ci.
948 1014 1144 1076 Fritzschium
1164 1035 1191 1095 p.
1207 1012 1301 1094 bsqq.
1320 1048 1357 1058 -

209 1140 267 1182 una
291 1139 359 1182 oum
377 1120 486 1181 Ioanne
506 1119 717 1200 Chrysostomo
737 1124 830 1182 amico
854 1122 1025 1182 interfuisse
1050 1140 1118 1182 eum
1142 1122 1260 1202 scholis,
1284 1140 1357 1200 quas

209 1228 379 1289 Antiochiae
399 1226 503 1288 habuit
518 1227 666 1308 Libanins,
687 1246 745 1307 quo
763 1237 866 1308 postea
888 1228 992 1289 relicto
1008 1229 1141 1289 eiusdem
1155 1229 1357 1308 chrysostomi
1428 1254 1430 1260 ·

209 1334 328 1394 hortatu
352 1335 496 1394 formatus
521 1343 566 1394 est
588 1337 756 1415 praeceptis
780 1343 810 1396 et
838 1337 1025 1396 institutione
1049 1335 1170 1396 Diodori
1193 1335 1356 1395 Tarsensis.

177 1507 185 1530 ,
209 1441 282 1501 llein
306 1441 418 1520 aliquot
441 1460 534 1501 annos
556 1441 713 1521 presbyter
736 1441 908 1502 Antiochiae
932 1451 1131 1536 commoratus
1154 1441 1278 1502 Tarsum
1302 1444 1356 1502 mi·

208 1549 314 1627 gravit,
339 1567 395 1628 qua
420 1548 522 1609 relicta
546 1567 600 1628 per
624 1551 745 1628 triginta
769 1569 820 1610 sex
844 1557 937 1610 annos
960 1551 1119 1628 episcopus
1144 1550 1199 1611 luit
1221 1549 1357 1628 Mopsue·
1449 1535 1459 1550 '

209 1663 371 1716 stenorum.
414 1655 528 1726 Quibus
557 1663 655 1716 autem
684 1655 775 1716 rebus
804 1659 984 1717 commoveri
1011 1659 1121 1738 potnit,
1155 1664 1188 1717 ut
1215 1657 1360 1718 refutaret

210 1761 315 1822 luliani
342 1765 530 1840 imperatoris
558 1771 662 1822 contra
690 1763 873 1823 Christianos
901 1760 1015 1824 libros?
1061 1763 1153 1824 Cuius
1182 1766 1226 1824 rei
1254 1781 1359 1824 causas

211 1871 236 1928 si
259 1868 452 1943 coniectando
477 1870 594 1948 assequi
618 1868 768 1952 volumus,
797 1889 833 1930 ne
858 1871 1048 1930 immemores
1067 1871 1160 1930 simus
1183 1869 1359 1930 benevolen-

210 1977 281 2057 tiae,
309 1994 366 2054 qua
394 1975 553 2036 Photinum
582 1985 760 2055 prosecutus
788 1985 833 2038 est
856 1976 1001 2058 lulianus3
1030 1977 1139 2056 quibus
1168 1977 1356 2038 contumeliis

208 2082 381 2142 laceraverit
400 2081 570 2144 Diodorum.
579 2075 605 2166 ¹)
638 2083 671 2143 ln
691 2084 817 2163 epistula
836 2087 916 2145 enim
934 2083 1067 2147 LXXIX:
1098 2083 1143 2146 Σὺ
1164 2083 1229 2161 μὲν,
1253 2086 1359 2164 inquit,

209 2183 401 2264 ὧΦωτεῑνὲ,
421 2187 554 2251 πιθανὸς
569 2187 669 2271 φαίνῃ
688 2189 739 2252 καὶ
755 2188 929 2264 ἐγγύτατο(
943 2193 1002 2252 τοῦ
1017 2190 1175 2267 (discam,
1195 2191 1356 2252 Diodorum

208 2303 306 2356 etitem
325 2295 464 2356 Nazaraei
489 2315 605 2376 magum
629 2298 794 2380 appellavit,
818 2318 905 2360 omne
926 2301 990 2360 eius
1015 2317 1123 2379 corpus
1149 2307 1358 2377 consumptum

209 2421 284 2480 esse,
301 2403 390 2462 malas
401 2404 574 2485 concidisse,
586 2413 684 2465 cutem
696 2407 778 2485 rugis
789 2405 931 2467 sulcatam
943 2425 1007 2466 esse
1019 2400 1097 2488 (pag.
1110 2403 1184 2486 606,
1194 2402 1236 2465 25
1247 2398 1355 2486 Hertl.)

208 2508 362 2569 contendit
376 2518 499 2588 propter
513 2511 691 2590 flagitiorum
708 2511 927 2573 multitudinem
942 2531 957 2572 a
972 2513 1018 2573 dis
1032 2511 1248 2573 immortalibus
1262 2529 1358 2590 poena

208 2617 318 2696 allecti,
342 2615 470 2694 denique
493 2615 689 2695 probaturum
713 2637 744 2678 se
774 2637 839 2679 esse
864 2618 1024 2679 Galilaeum
1047 2619 1145 2700 illum,
1174 2620 1222 2692 cni
1250 2620 1358 2691 iniuria

207 2721 354 2782 Diodorus
373 2721 505 2783 divinum
525 2723 669 2784 bonorem
689 2723 852 2807 tribuisset,
875 2725 955 2804 leges
975 2732 1005 2785 et
1030 2727 1169 2805 mysteria
1189 2727 1358 2804 corrupisse

208 2833 270 2908 ipse
298 2832 541 2910 pronuntiaverat
569 2825 611 2910 (p.
632 2827 705 2912 606,
725 2825 847 2911 dsqq.).
888 2831 969 2903 Quae
994 2851 1062 2893 cum
1086 2835 1126 2893 ita
1153 2835 1221 2914 sint,
1245 2834 1359 2892 ratione

207 2955 309 2998 cavere
334 2956 394 2998 non
418 2937 592 3019 videbimur,
616 2941 642 2998 si
665 2941 858 2999 statuerimus
877 2938 1066 3000 Theodorum
1087 2939 1208 3000 iliodori
1231 2938 1359 3019 discipu·

206 3037 304 3125 tomi)
329 3046 452 3123 gratiam
475 3047 617 3124 magistro
637 3047 787 3107 rettulisse
811 3046 948 3106 refutatis
968 3045 1072 3106 luliani
1095 3054 1198 3106 contra
1218 3045 1358 3106 Christia-

279 3287 306 3356 1)
326 3286 400 3341 Scite
416 3288 546 3343 Neander
560 3287 589 3343 in
607 3287 679 3344 libro
694 3288 743 3358 qni
761 3287 922 3342 inscribitur
936 3287 1103 3358 eilgemeine
1118 3287 1286 3344 (ieschichle
1305 3289 1355 3342 der

205 3374 386 3429 christlichen
405 3375 534 3446 Religion
557 3378 614 3432 und
632 3377 734 3433 Kirche
753 3377 993 3446 111,1saop.ee
1016 3377 1115 3446 Iulian,
1134 3378 1233 3446 inquil,
1253 3377 1356 3432 meinte

206 3463 294 3517 durch
313 3463 387 3518 seina
406 3464 511 3520 Kiinste
531 3465 653 3520 desiere
673 3466 805 3535 geleitebe
824 3465 898 3520 Vollr
917 3465 1064 3536 gewinnen
1083 3485 1117 3520 zu
1135 3467 1257 3536 kdnnen,
1276 3483 1357 3520 wenn

204 3551 264 3605 ihm
283 3571 335 3606 nur
354 3552 433 3606 nicht
451 3551 496 3606 die
514 3551 642 3607 Bischdie
667 3553 934 3622 entgeganvvirkten.
971 3554 1034 3609 Und
1056 3554 1206 3610 besonders
1230 3555 1357 3609 verbassb

206 3657 300 3694 vvaren
322 3640 382 3693 ihm
406 3671 439 3680 —
469 3640 628 3710 diejenigen
651 3641 795 3710 Bisohdfe‚
823 3643 929 3698 welche
953 3644 998 3698 die
1025 3644 1194 3699 hellenische
1218 3645 1359 3700 Litarelur

206 3729 288 3798 eiirig
308 3729 411 3783 sbudiri
432 3729 531 3784 hebion
555 3730 612 3784 und
636 3730 711 3785 diese
734 3731 822 3786 selbsb
845 3749 907 3785 zum
926 3731 1041 3787 Diensie
1067 3735 1115 3788 des
1136 3732 1359 3788 Chrislenbhnms

204 3818 262 3873 und
280 3833 370 3888 gagen
390 3806 647 3872 das'Heidenihum
666 3820 865 3894 gebrauohlen,
884 3840 906 3876 n.
926 3821 957 3875 B.
977 3821 1022 3876 die
1042 3821 1173 3890 Menneu,
1198 3822 1250 3876 mit
1269 3823 1359 3876 denen

204 3924 234 3983 <g
257 3908 299 3962 als
317 3907 454 3978 liingling
477 3907 506 3962 in
525 3908 619 3963 Athen
642 3909 745 3964 sbudirt
768 3909 860 3979 hatte,
884 3911 930 3965 die
955 3911 1056 3966 beiden
1080 3911 1208 3966 Frounde
1227 3909 1358 3978 Basilius,

204 3995 320 4051 Bischof
336 4014 390 4052 von
405 3996 554 4065 Caesarea,
573 3998 630 4052 und
644 3997 750 4068 Gregor
768 4015 824 4052 von
837 3999 968 4067 Noniano,
988 3999 1040 4054 wia
1060 3999 1227 4069 diejenigen‚
1247 3999 1354 4054 vvelche

203 4087 285 4139 uniar
308 4084 398 4140 seinev
415 4085 576 4155 Regiemng
599 4087 769 4142 hellenische
792 4088 996 4143 Wissensohaii
1021 4105 1070 4142 aur
1087 4087 1284 4157 Bekdmpfung
1308 4089 1357 4143 des

131 4177 140 4201 ‘
203 4173 408 4229 Heidenthums
422 4175 479 4229 und
495 4176 718 4246 Vertheidigung
732 4177 781 4232 des
797 4176 1022 4232 Chrisbenlbums
1036 4196 1069 4232 zu
1083 4178 1220 4232 benutzen
1235 4179 1358 4248 magian,

203 4263 249 4317 ein
267 4263 438 4334 Apollinaris
461 4282 517 4320 von
540 4265 693 4334 Laodicea,
717 4266 774 4320 und
797 4266 842 4322 ein
860 4266 1011 4334 Diodorus,
1035 4267 1151 4322 Bischof
1175 4284 1230 4323 von
1256 4267 1358 4322 Tarsus

203 4352 234 4406 in
253 4350 377 4408 Cilicien.
412 4353 601 4409 Conferendus
619 4354 665 4408 hic
684 4354 808 4410 Iulianus
828 4355 870 4410 ed.
890 4355 981 4412 Herbi.
1000 4375 1027 4425 p.
1048 4362 1112 4423 606,
1133 4361 1167 4412 15
1182 4373 1240 4425 sqq.

276 4443 303 4510 2)
323 4441 493 4496 Theodorcti
511 4442 539 4495 h.
556 4459 579 4498 e.
594 4441 620 4494 V
634 4448 668 4496 40
686 4461 714 4511 p.
734 4449 786 4497 494
805 4445 888 4499 οὗτος
905 4448 956 4510 τῆ(
976 4446 1024 4509 μὲν
1040 4445 1188 4511 Διοδώρου
1207 4449 1259 4498 τοῦ
1278 4443 1351 4496 πάνυ
