3192 4906
275 309 339 374 110
777 309 868 383 Caput
885 311 919 370 lt.

273 476 421 554 τὴντῶν
447 475 611 556 ἡμετέρων
638 476 788 554 πατέρων
816 476 913 543 δόξαν
941 476 1022 556 ὑπὲρ
1050 477 1154 541 ἐθνῶν
1183 476 1308 543 τούτων
1336 476 1422 542 ἀντι-

274 586 469 661 παραθῶμεν
492 581 654 663 ἀλλήλαιε
695 585 842 647 Continuo
871 589 1018 667 vituperat
1041 586 1217 648 iudaeorum
1245 583 1422 650 sententiam

273 690 457 752 credentium
486 710 552 752 esse
581 711 613 752 se
641 691 789 753 deiectum
817 692 865 752 dei
893 693 1048 774 populum,
1077 695 1126 754 oui
1156 693 1291 755 consulat
1320 693 1368 756 ilie
1396 696 1423 756 si

274 798 371 858 minus
395 797 449 858 soli
474 807 503 859 at
526 806 608 859 corte
631 791 829 880 praecipue.¹)
867 796 948 859 Idem
967 808 1065 862 autem
1090 801 1219 860 sensisse
1242 800 1420 862 Iudaeorum

273 903 442 985 prophetas,
465 904 563 966 lesum
586 905 787 984 Nazarenum,
809 904 934 968 Paulum
958 915 991 967 ut
1014 906 1151 968 ostendat
1177 907 1293 987 profert
1316 925 1421 969 eorum

272 1013 432 1072 enuntiata.
477 1013 518 1072 λα
549 1013 678 1091 primum
712 993 832 1090 quidem
861 1031 907 1092 ea,
940 1031 1015 1092 quae
1044 989 1079 1074 ex
1112 1022 1212 1076 vetere
1243 1022 1421 1076 testamento

272 1119 464 1198 deprompsit.
502 1118 543 1178 ho
563 1117 690 1198 Cyriilus
709 1137 736 1197 p.
754 1114 850 1179 1000
870 1136 938 1179 cum
958 1121 1146 1198 repetivisset
1166 1120 1312 1182 lulianum
1331 1121 1421 1184 muita

272 1243 288 1284 e
318 1243 401 1286 sacra
434 1225 583 1304 scriptura
616 1223 780 1305 adiugasse,
813 1226 1041 1286 communicavit
1074 1223 1227 1286 nobiseum
1261 1245 1295 1286 ea
1328 1229 1421 1306 ipsius

272 1331 373 1413 verba,
401 1349 477 1411 quae
501 1331 590 1391 huius
613 1329 821 1410 disputationis
845 1339 946 1392 essent
974 1338 1113 1394 extrema.
1151 1331 1253 1411 Neque
1283 1351 1353 1392 vero
1375 1335 1419 1392 in-

272 1440 431 1500 veniuntur
454 1440 485 1498 in
505 1439 670 1518 fragmento
689 1457 717 1517 p.
732 1433 808 1498 991)
823 1456 887 1517 sqq.
911 1440 968 1498 nisi
991 1437 1049 1499 1οοί
1067 1456 1103 1498 ex
1123 1447 1222 1498 vetere
1242 1446 1420 1500 testamento

272 1543 377 1606 hausti.
415 1544 523 1624 Pagina
547 1535 871 1623 autem106hsqq.²)
896 1543 979 1604 Pauli
1002 1543 1122 1623 quidem
1146 1545 1312 1606 afferuntur
1335 1545 1421 1627 diota,

271 1652 365 1730 ipsius
388 1650 499 1712 Christi
522 1669 580 1711 non
605 1651 805 1711 inveniuntur.
845 1648 925 1730 Ergo
953 1650 1057 1710 iaouna
1084 1658 1132 1710 est
1160 1642 1315 1710 statuenda
1343 1653 1422 1712 inter

273 1758 329 1836 igg.
345 1755 423 1818 990
437 1777 500 1838 sqq.
522 1767 552 1820 et
569 1755 664 1819 loon
680 1775 758 1837 sqq.;
777 1759 885 1818 omissa
901 1758 979 1818 enirn
995 1757 1291 1837 sunt'prophetarum
1305 1765 1336 1817 et
1350 1756 1417 1818 lesu

271 1862 414 1924 Nazareni
428 1862 525 1925 verbu.
549 1863 598 1942 Fg.
618 1871 717 1932 autem
734 1859 831 1923 tosa
847 1880 910 1942 sqq.
928 1865 1026 1942 ipsum
1042 1861 1099 1923 sibi
1113 1879 1280 1942 repugnare
1296 1862 1421 1924 Panium

271 1970 342 2032 dicit
351 1968 491 2051 lulianus,
506 1988 575 2031 oum
588 1971 619 2030 in
634 1988 679 2049 ep.
691 1968 726 2028 ad
737 1969 820 2028 Rom.
835 1968 900 2030 data
915 1967 1312 2031 {numerusnumerous}
1327 1951 1415 2030 etiam

270 2094 452 2157 paganorum
480 2096 546 2138 esso
570 2075 765 2138 contenderit.
809 2075 867 2136 Sed
897 2094 951 2137 our
974 2075 1089 2137 ludaeis
1113 2074 1176 2152 ille,
1205 2078 1316 2157 inquit,
1342 2079 1422 2138 misit

270 2182 392 2265 Mosem,
406 2183 574 2265 prophotas,
598 2181 759 2262 Christum,
774 2181 860 2243 nohis
874 2179 969 2244 nihii?
998 2182 1082 2244 Unde
1097 2182 1163 2264 luoe
1178 2181 1287 2244 elarius
1302 2184 1421 2244 demon·

271 2292 359 2350 strari
374 2308 440 2350 esse
455 2277 632 2366 Iudaeorum
652 2289 741 2350 deum
762 2307 821 2350 non
841 2292 933 2351 totius
953 2289 1054 2350 mundi
1077 2288 1240 2370 dominum,
1259 2288 1312 2350 sed
1327 2289 1419 2351 soiius

271 2395 461 2458 Palaestinae.
499 2395 553 2456 Hie
567 2399 703 2456 omisisse
718 2415 750 2456 se
770 2397 912 2476 quaedam
932 2396 1037 2458 iuliani
1051 2397 1161 2459 iudicat
1181 2394 1308 2475 Cyriilus
1323 2395 1421 2456 verhis

271 2499 322 2563 καί
342 2497 415 2577 μεθ’
434 2499 528 2578 ἕτερα
547 2520 574 2581 p.
591 2499 654 2563 106
666 2501 697 2564 D.
735 2501 791 2562 Ubi
809 2503 969 2564 inserenda
984 2501 1055 2563 vesse
1075 2521 1182 2564 oenseo
1202 2519 1245 2583 ea,
1269 2520 1343 2580 quae
1362 2504 1420 2562 iarn

270 2626 360 2687 snpra
385 2610 545 2669 memoravi
566 2627 581 2668 a
601 2607 709 2686 Cyrillo
734 2610 862 2689 proferri
881 2628 909 2688 p.
927 2606 990 2670 100
1002 2608 1032 2668 C.
1070 2608 1203 2680 Quorum
1227 2625 1298 2668 sane
1317 2607 1420 2668 verbo-

270 2734 336 2776 rum
356 2717 450 2796 prima
469 2714 601 2794 paullum
616 2723 745 2776 mutasse
765 2715 882 2776 videtur
897 2714 1031 2796 Cyrillus,
1051 2717 1116 2794 qui:
1135 2711 1212 2790 εἶτα,
1231 2716 1337 2795 inquit,
1354 2714 1421 2774 τῶν

270 2817 388 2882 ἑαυτοῦ
417 2816 524 2895 λόγων
552 2823 690 2884 ποιεῖται
718 2819 921 2897 ευμπέραεμα
947 2819 986 2882 τὸ
1010 2816 1063 2903 Ιὅτι
1092 2821 1241 2899 προςήκει
1268 2818 1326 2883 τὸν
1354 2821 1420 2882 τῶν

268 2909 423 3007 Ἑβραίων
446 2924 530 2990 θεὸν.
572 2926 632 2988 lam
661 2945 731 2988 vero
759 2931 785 2988 si
813 2929 931 2988 omissis
960 2927 1059 2989 vorbis
1081 2927 1253 2990 omittendis
1277 2922 1330 2990 ‘so
1353 2922 1419 2987 ὄπ’

270 3044 337 3114 post
360 3034 483 3098 verbum
505 3035 655 3112 προεήκει
678 3037 838 3098 inserimus
861 3032 983 3111 τοίνυν,
1012 3033 1114 3096 iuliani
1144 3034 1232 3096 verba
1255 3054 1284 3115 p.
1308 3032 1370 3096 106
1383 3034 1419 3094 h²

270 3139 297 3203 εἰ
321 3139 381 3219 γὰρ
404 3139 538 3204 πάντων
561 3139 651 3218 ἡμῶν
674 3140 738 3204 ἐετι
756 3140 831 3204 θεὸς
854 3139 905 3202 καὶ
928 3127 1060 3204 πάντων
1079 3139 1270 3218 δημιουργὸε
1293 3137 1420 3217 ὁμοίως,

270 3245 314 3310 εἰ(
328 3244 358 3310 τί
372 3248 532 3324 περιεῖδεν
546 3246 639 3324 ἡμᾶς
655 3250 719 3309 sine
735 3248 792 3310 ulla
806 3246 978 3310 difficultate
994 3250 1183 3327 excipiuntur
1197 3248 1257 3309 his:
1271 3247 1419 3324 προεήκει

268 3352 379 3416 τοίνυν
404 3353 463 3417 τὸν
490 3353 557 3415 τῶν
577 3349 731 3431 Ἑβραίων
758 3352 835 3417 θεὸν
865 3350 937 3430 οὐχὶ
967 3353 1005 3431 δὴ
1036 3353 1158 3416 παντόε
1185 3351 1301 3429 κόεμου
1329 3370 1419 3428 γενε-

269 3459 418 3538 ειουργὸν
432 3457 588 3537 ὑπάρχειν
598 3456 718 3523 οἴεεθαι
731 3460 783 3522 καὶ
797 3456 1046 3524 κατεξοαειάζειν
1060 3461 1126 3524 τῶν
1141 3457 1238 3537 ὅλων,
1253 3458 1418 3523 τυνεττάλ-

270 3571 321 3628 θαι
344 3565 394 3642 δὲ,
420 3563 465 3627 ὡ(
488 3562 585 3642 ἔφην,
608 3565 660 3627 καὶ
683 3565 925 3643 πεπεραεμένην
948 3562 1068 3642 ἔχοντα
1094 3567 1154 3644 τήν
1181 3564 1283 3646 ἀρχήν
1307 3563 1441 3680 ἀναμίξο

343 3812 368 3878 1)
387 3809 417 3864 Ρ.
437 3807 504 3863 θθΕ
528 3808 641 3862 exstant
664 3807 735 3864 huso
753 3808 855 3864 Inlieni
878 3810 976 3865 verba:
1001 3811 1060 3866 ἀλλ’
1084 3811 1154 3879 ὑπὲρ
1178 3813 1227 3877 μὲν
1245 3813 1356 3866 τούτων
1374 3813 1419 3864 καλ

269 3899 366 3968 μικρὸν
385 3901 508 3966 θετερον.
546 3896 622 3962 Quae
641 3895 781 3968 pertinere
800 3897 931 3953 videntur
951 3898 987 3952 ed
1000 3899 1149 3954 verborum
1163 3915 1234 3968 qnae
1248 3898 1419 3954 antecedunt

269 3989 351 4044 hoec:
375 3993 434 4043 τῶν
457 3989 487 4042 δὲ
511 3989 602 4044 ἄλλων
626 3989 716 4043 ἐθνῶν
742 3989 819 4044 ὅπωε
841 3990 858 4055 ἢ
878 3987 933 4054 ὑφ’
956 3986 1048 4040 οῖετιει
1072 3990 1240 4061 διοικοῦνται
1264 3993 1336 4044 θεοῖ(
1354 3989 1419 4041 οὐδ’

269 4082 400 4148 ήντινοθν
419 4075 513 4143 μνείαν
527 4075 674 4145 πεποίηται
693 4079 740 4148 (so.
757 4079 897 4144 Μωυεήε).
930 4073 1113 4130 Inueniuntur
1127 4079 1221 4131 autem
1236 4093 1278 4141 ea,
1296 4077 1419 4144 adquae

269 4183 319 4220 nos
337 4165 418 4220 reicit
437 4165 559 4220 lulianus
577 4165 615 4236 ig.
638 4165 721 4220 1151)
736 4184 797 4235 sqq.
819 4164 900 4220 1th
916 4183 985 4235 sqq,
1006 4165 1108 4220 ubido
1127 4167 1282 4220 ceterorum
1301 4165 1419 4235 populo-

270 4273 329 4308 rum
349 4254 392 4309 dis
411 4271 446 4308 aa
463 4254 557 4322 affert,
576 4271 648 4324 quae
665 4255 757 4310 Moses
776 4255 947 4324 neglexerat

340 4348 366 4413 2)
386 4343 476 4399 Huius
495 4341 646 4414 fragmenti
665 4360 728 4414 pars
747 4346 838 4398 exstat
857 4343 942 4398 etium
962 4343 1035 4413 apud
1050 4343 1228 4398 Theodorum
1243 4343 1417 4412 Mopsuestia-

269 4452 333 4488 uum
354 4437 463 4503 (nomm.
483 4433 512 4488 in
532 4433 565 4490 N.
586 4433 617 4487 Τ.
638 4433 681 4488 ed.
702 4432 852 4487 Fritzsohe.
872 4451 900 4502 p.
923 4435 975 4502 10).

1578 739 1580 832 ί
